% This BibTeX bibliography file was created using BibDesk.
% http://bibdesk.sourceforge.net/
% Created for virinha at 2013-02-11 14:53:32 -0300 
% Saved with string encoding Unicode (UTF-8) 

@book{Pressman:2007,
  Title     = {Software Engineering: A Practitioner's Approach},
  Author    = {Roger Pressman},
  Year      = {2005},
  Isbn      = {0077227808, 9780077227807},
  Edition   = {6},
  Publisher = {McGraw-Hill, Inc.},
  Address   = {New York, NY, USA},
} 

@book{Sommerville:2004,
  Title     = {Software Engineering (7th Edition)},
  Author    = {Ian Sommerville},  
  Year      = {2004},
  Isbn      = {0321210263},
  Publisher = {Pearson Addison Wesley},
}

@article{Ferris:2003,
  Title      = {What Are Web Services?},
  Author     = {Christopher Ferris and Joel Farrell},
  Journal    = {Commun. ACM},
  Volume     = {46},
  Number     = {6},
  Year       = {2003},
  Issn       = {0001-0782},
  Pages      = {31--},
  Acmid      = {777335},
  Publisher  = {ACM},
  Address    = {New York, NY, USA},
} 

@article{Hsieh:2010,
  Title   = {The Clinical Application of a PACS-Dependent 12-Lead ECG and Image Information System in E-Medicine and Telemedicine},
  Author  = {Jui-Chien Hsieh and Hsiu-Chiung Lo},
  Journal = {J. Digital Imaging},
  Number  = {4},
  Pages   = {501-513},  
  Volume  = {23},
  Year    = {2010}
}

@book{Who:2010,
  title     = {Telemedicine 2010: Opportunities and Developments in Member States; Report on the Second Global Survey on EHealth},
  author    = {World Health Organization},
  isbn      = {9789241564144},
  lccn      = {2012360583},
  series    = {Global observatory for eHealth series},
  year      = {2011},
  publisher = {World Health Organization}
}

@article{Tamura:1978,
  Title   = {Textural Features Corresponding to Visual Perception},
  Author  = {Hideyuki Tamura and Shunji Mori and Takashi Yamawaki},
  Journal = {IEEE Transactions on Systems, Man and Cybernetics},
  Number  = {6},
  Pages   = {460-473},
  Volume  = {8},
  Year    = {1978}
}

@conference{Rosenfeld:1970,
  Author    = {A. Rosenfeld and E. B. Troy},
  Booktitle = {A Symposium on Feature Extraction and Selection in Pattern Recognition},
  Pages     = {115-124},
  Title     = {Visual texture analysis},
  Volume    = {1},
  Year      = {1970}
}

@article{Gowramma:2010,
  Author  = {Y. P. Gowramma and C. N. Ravikumar},
  Journal = {International Journal of Computer Applications},
  Number  = {13},
  Pages   = {1-6},
  Title   = {Development of Correspondence Algorithm for Illumination Varying Dynamic Image Sequence using Symbolic Data Analysis: A Novel Approach},
  Volume  = {7},
  Year    = {2010}
}

@inproceedings{Zisserman:2012,
  Author    = {R. Arandjelovi\'c and Andrew Zisserman},
  Booktitle = {IEEE Conference on Computer Vision and Pattern Recognition},
  Title     = {Three things everyone should know to improve object retrieval},
  Year      = {2012}
}

@inproceedings{Oussalah:2008,
  Author    = {M. Oussalah},
  Booktitle = {Image Processing Theory, Tools and Applications, 2008. IPTA 2008. First Workshops on},
  Month     = {nov.},
  Pages     = {1-10},
  Title     = {Content Based Image Retrieval: Review of State of Art and Future Directions},
  Year      = {2008}
}

@book{Lew:2010,
  Editor    = {Michael S. Lew},
  Publisher = {Springer},
  Title     = {Principles of Visual Information Retrieval (Advances in Computer Vision and Pattern Recognition)},
  Year      = {2010}
}

@inbook{Afonso:2004,
  Author    = {F. Afonso and L. Billard and Edwin Diday},
  Editor    = {D. Banks and L. House and F. McMorris and P. Arabie and W. Gaul},
  Pages     = {429-437},
  Publisher = {Springer-Verlag},
  Title     = {Symbolic Linear Regression with Taxonomies. In: Classification, Clustering, and Data Mining Applications},
  Year      = {2004}
}

@article{Keller:2000,
  Acmid     = {364347},
  Address   = {River Edge, NJ, USA},
  Author    = {Keller, Annette and Klawonn, Frank},
  Doi       = {10.1016/S0218-4885(00)00053-8},
  Issn      = {0218-4885},
  Journal   = {International Journal of Uncertainty, Fuzziness and Knowledge-Based Systems},
  Number    = {6},
  Pages     = {735-746},
  Publisher = {World Scientific Publishing Co., Inc.},
  Title     = {Fuzzy clustering with weighting of data variables},
  Volume    = {8},
  Year      = {2000}
}

@inbook{Diday:1976,
	Author = {Edwin Diday and J. C. Simon},
	Date-Added = {2013-02-10 15:52:24 -0300},
	Date-Modified = {2013-02-10 15:53:35 -0300},
	Editor = {K. Fu},
	Pages = {47-94},
	Publisher = {Springer},
	Title = {Clustering Analysis. In: Digital Pattern Clasification},
	Year = {1976}}

@inbook{Diday:1971,
	Date-Added = {2013-02-10 15:49:25 -0300},
	Date-Modified = {2013-02-10 15:50:03 -0300},
	Pages = {19-34},
	Title = {La M{\'e}thode des Nu{\'e}es dynamiques. In: Revue de Statistique Appliqu{\'e}e},
	Year = {1971}}

@article{Roque:2007,
	Acmid = {1227610},
	Address = {Hingham, MA, USA},
	Author = {Roque, Antonio Mu\~{n}oz and Mat{\'e}, Carlos and Arroyo, Javier and Sarabia, \'{A}ngel},
	Date-Added = {2013-02-10 15:27:24 -0300},
	Date-Modified = {2013-02-10 15:27:52 -0300},
	Doi = {10.1007/s11063-007-9035-z},
	Issn = {1370-4621},
	Issue_Date = {April 2007},
	Journal = {Neural Processing Letters},
	Keywords = {feed-forward neural network, function approximation, interval analysis, interval data, interval neural networks, symbolic data analysis, time series forecasting},
	Month = apr,
	Number = {2},
	Numpages = {13},
	Pages = {157--169},
	Publisher = {Kluwer Academic Publishers},
	Title = {iMLP: Applying Multi-Layer Perceptrons to Interval-Valued Data},
	Volume = {25},
	Year = {2007},
	Bdsk-Url-1 = {http://dx.doi.org/10.1007/s11063-007-9035-z}}

@inbook{Diday:1991,
	Address = {Toulouse:},
	Author = {Edwin Diday},
	Date-Added = {2013-02-10 15:13:35 -0300},
	Date-Modified = {2013-02-10 15:16:05 -0300},
	Editor = {Editions C{\'e}padu{\`e}s},
	Title = {Des Objets de l'analyse des Donn{\'e}es {\`a} ceux de l'analyse des Connaissances. In: Induction Symbolique et Num{\'e}rique {\`a} partir de Donn{\'e}es},
	Year = {1991}}

@techreport{Diday:1989,
  Title       = {Introduction {\`a} l'analyse des donn{\'e}es symboliques.},
  Author      = {Edwin Diday},
  Institution = {Institut National de Recherche en Informatique et en Automatique, INRIA},
  Type        = {Research Report},
  Year        = {1989}
}

@article{Neto:2008b,
  Title   = {Centre and Range method for fitting a linear regression model to symbolic interval data},
  Author  = {Eufr\'{a}sio de A. Lima Neto and Francisco A. T. de Carvalho},
  Journal = {Computational Statistics \& Data Analysis},
  Month   = {January},
  Number  = {3},
  Pages   = {1500-1515},
  Volume  = {52},
  Year    = {2008}
}

@article{Neto:2010,
	Acmid = {1640654},
	Address = {Amsterdam, The Netherlands, The Netherlands},
	Author = {Eufr\'{a}sio de A. Lima Neto and Francisco A. T. de Carvalho},
	Date-Added = {2013-02-10 14:51:18 -0300},
	Date-Modified = {2013-02-10 14:55:22 -0300},
	Issn = {0167-9473},
	Issue_Date = {February, 2010},
	Journal = {Computational Statistics \& Data Analysis},
	Month = feb,
	Number = {2},
	Numpages = {15},
	Pages = {333-347},
	Publisher = {Elsevier Science Publishers B. V.},
	Title = {Constrained linear regression models for symbolic interval-valued variables},
	Volume = {54},
	Year = {2010}}

@inproceedings{DeCarvalho:2004,
  Title     = {A New Method to Fit a Linear Regression Model for Interval-Valued Data},
  Author    = {Francisco de A. T. de Carvalho and Eufrasio de A. Lima Neto and Camilo P. Tenorio},
  Booktitle = {Advances in Artificial Intelligence},
  Editor    = {Susanne Biundo and Thom W. Fr{\"u}hwirth and G{\"u}nther Palm},
  Pages     = {295-306},
  Volume    = {3238},
  Year      = {2004}
}

@book{Fu:1987,
  Title     = {Robotics: Control, Sensing, Vision, and Intelligence},
  Author    = {Capa King Sun Fu and Rafael C. Gonz{\'a}lez and C. S. George Lee},
  Address   = {New York},
  Publisher = {McGraw-Hill},
  Year      = {1987}
}

@inproceedings{Li:1988,
  Title     = {Group Direction Difference Chain Codes For The Representation Of The Border},
  Author    = {Xiaorong Li and Zhiying Zhu},
  Booktitle = {Digital and Optical Shape Representation and Pattern Recognition},
  Pages     = {372-376},
  Year      = {1988}
}

@article{Freeman:1974,
	Acmid = {356627},
	Address = {New York, NY, USA},
	Author = {Freeman, Herbert},
	Date-Added = {2013-02-08 17:28:52 -0300},
	Date-Modified = {2013-02-08 17:29:05 -0300},
	Doi = {10.1145/356625.356627},
	Issn = {0360-0300},
	Issue_Date = {March 1974},
	Journal = {ACM Comput. Surv.},
	Month = mar,
	Number = {1},
	Numpages = {41},
	Pages = {57--97},
	Publisher = {ACM},
	Title = {Computer Processing of Line-Drawing Images},
	Volume = {6},
	Year = {1974},
	Bdsk-Url-1 = {http://dx.doi.org/10.1145/356625.356627}}

@article{Freeman:1961,
	Author = {Freeman, Herbert},
	Date-Added = {2013-02-08 17:27:01 -0300},
	Date-Modified = {2013-02-08 17:27:35 -0300},
	Issn = {0367-9950},
	Journal = {Electronic Computers, IRE Transactions on},
	Month = {june},
	Number = {2},
	Pages = {260 -268},
	Title = {On the Encoding of Arbitrary Geometric Configurations},
	Volume = {EC-10},
	Year = {1961}}

@inproceedings{DeCarvalho:1997,
  Title     = {Histogrammes et Indices de proximit{\'e} en Analyse de Donn{\'e}es Symbolique},
  Author    = {Francisco A. T. de Carvalho},
  Booktitle = {Actes de l'Ecole d'{\'E}t{\'e} en Analyse des Donn{\'e}es Symboliques},
  Pages     = {101-127},
  Address   = {Paris},
  Volume    = {1},
  Year      = {1997}
}

@inproceedings{Brito:2012,
  Author    = {Paula Brito and Marie Chavent},
  Booktitle = {1st International Conference on Pattern Recognition Applications and Methods},
  Pages     = {229-234},
  Title     = {Divisive Monothetic Clustering for Interval and Histogram-Valued Data},
  Year      = {2012}
}

@phdthesis{Domingues:2010,
  Title   = {M{\'e}todos Robustos de Regress{\~a}o Linear para Dados Simb{\'o}licos do Tipo Intervalo},
  Author  = {Marco Antonio de Oliveira Domingues},
  Address = {Recife},
  School  = {Universidade Federal de Pernambuco (UFPE)},
  Year    = {2010}
}

@article{deCarvalho:2010a,
  Title   = {Fuzzy K-means clustering algorithms for interval-valued data based on adaptive quadratic distance},
  Author  = {Francisco A. T. de Carvalho and C. P. Ten{\'o}rio},
  Journal = {Fuzzy Sets and Systems},
  Volume  = {161},
  Year    = {2010}
}

@phdthesis{Chen:2010a,
  Title  = {Self-Organizing Map Networks for Symbolic Data},
  Author = {De-Hua Chen},
  School = {Chung Yuan Christian University},
  Year   = {2010}
}

@inproceedings{Yang:2009,
	Address = {Greece},
	Author = {D. H. Chen and M. S. Yang and W. L. Hung},
	Booktitle = {Proceedings of 2009 WSEAS International Conference on Mathematical Methods and Applied Computing},
	Date-Added = {2013-02-01 11:40:40 -0300},
	Date-Modified = {2013-02-01 11:42:12 -0300},
	Pages = {150-155},
	Title = {A modified SOM learning algorithm for mixed types of symbolic and fuzzy data},
	Year = {2009}}

@article{Yang:2012,
  Title   = {Self-organizing map for symbolic data},
  Author  = {M. S. Yang and W. L. Hung and D. H. Chen},
  Journal = {Fuzzy Sets and Systems},
  Number  = {1},
  Pages   = {49-73},
  Volume  = {203},
  Year    = {2012}
}

@inproceedings{Chen:2010,
  Title     = {A Batch Version of the SOM for Symbolic Data},
  Author    = {De-Hua Chen and Wen-Liang Hung and Miin-Shen Yang},
  Booktitle = {Sixth International Conference on Natural Computation (ICNC)},
  Year      = {2010}
}

@inproceedings{Heath:2000,
  Title   = {Mass detection by relative image intensity},
  Author  = {M. D. Heath and K. W. Bowyer},
  Journal = {International Workshop on Database Machines (IWDM)},
  Pages   = {219-225},
  Year    = {2000}
}

@url{visible:2013,
	Date-Added = {2013-01-31 18:53:45 -0300},
	Date-Modified = {2013-01-31 18:56:59 -0300},
	Lastchecked = {2013},
	Title = {http://www.nlm.nih.gov/research/visible/},
	Urldate = {http://www.nlm.nih.gov/research/visible/}}

@book{Levy:2010,
  Author    = {Steven Levy},
  Publisher = {{\'E}vora},
  Title     = {Os Her{\'o}is da Revolu{\c c}{\~a}o},
  Year      = {2010}
}

@inproceedings{Debevec:2000,
	Acmid = {344855},
	Address = {New York, NY, USA},
	Author = {Debevec, Paul and Hawkins, Tim and Tchou, Chris and Duiker, Haarm-Pieter and Sarokin, Westley and Sagar, Mark},
	Booktitle = {Proceedings of the 27th annual conference on Computer graphics and interactive techniques},
	Date-Added = {2013-01-31 18:02:11 -0300},
	Date-Modified = {2013-01-31 18:02:36 -0300},
	Doi = {10.1145/344779.344855},
	Isbn = {1-58113-208-5},
	Pages = {145-156},
	Publisher = {ACM Press/Addison-Wesley Publishing Co.},
	Series = {SIGGRAPH '00},
	Title = {Acquiring the reflectance field of a human face},
	Year = {2000},
	Bdsk-Url-1 = {http://dx.doi.org/10.1145/344779.344855}}

@book{Chen:1993,
	Author = {C. H. Chen and L. F. Pau and P. S. P. Wang},
	Date-Added = {2013-01-26 15:36:14 -0300},
	Date-Modified = {2013-01-26 15:39:54 -0300},
	Publisher = {World Scientific Pub Co Inc},
	Title = {Handbook Of Pattern Recognition And Computer Vision},
	Year = {1993}}

@mastersthesis{Angelo:2000,
	Address = {Porto Alegre, RS},
	Author = {Neide Pizzolato Angelo},
	Date-Added = {2013-01-24 18:21:21 -0300},
	Date-Modified = {2013-01-24 18:22:54 -0300},
	Month = {janeiro},
	School = {Universidade Federal do Rio Grande do Sul},
	Title = {Aplica{\c c}{\~a}o de Filtros de Gabor no Processo de Classifica{\c c}{\~a}o de Imagens Digitais com Base em Atributos de Textura},
	Year = {2000}}

@article{Amadasun:1989,
	Author = {M. Amadasun and R. King},
	Date-Added = {2013-01-08 17:53:34 -0300},
	Date-Modified = {2013-01-08 17:55:20 -0300},
	Journal = {IEEE Transactions on In Systems, Man and Cybernetics},
	Number = {5},
	Pages = {1264 -1274},
	Title = {Textural features corresponding to textural properties},
	Volume = {19},
	Year = {1989}}

@mastersthesis{Zegarra:2007,
	Author = {Javier Alexander Montoya Zegarra},
	Date-Added = {2013-01-07 13:28:06 -0300},
	Date-Modified = {2013-01-07 13:29:17 -0300},
	School = {Universidade Estadual de Campinas},
	Title = {Descri{\c c}{\~a}o de Texturas Invariantes {\`a} Rota{\c c}{\~a}o e Escala para Identifica{\c c}{\~a}o e Reconhecimento de Imagens},
	Year = {2007}}

@mastersthesis{Schwartz:2005,
	Author = {William Robson Schwartz},
	Date-Added = {2013-01-07 10:06:48 -0300},
	Date-Modified = {2013-01-07 10:09:04 -0300},
	School = {Universidade Federal do Paran{\'a}},
	Title = {Segmenta{\c c}{\~a}o de Imagens Baseada em Depend{\^e}ncia Espacial Utilizando Campo Aleat{\'o}rio de Markov Associado com Caracter{\'\i}sticas de Texturas},
	Year = {2005}}

@article{Tang:1998,
	Address = {Piscataway, NJ, USA},
	Author = {Xiaoou Tang},
	Date-Added = {2013-01-02 16:51:03 -0300},
	Date-Modified = {2013-01-02 16:52:14 -0300},
	Doi = {10.1109/83.725367},
	Issn = {1057-7149},
	Journal = {IEEE Transactions on Image Processing},
	Number = {11},
	Pages = {1602-1609},
	Title = {Texture information in run-length matrices},
	Volume = {7},
	Year = {1998},
	Bdsk-Url-1 = {http://dx.doi.org/10.1109/83.725367}}

@article{Chu:1990,
	Author = {A. Chu and C. M. Sehgal and J. F. Greenleaf},
	Date-Added = {2013-01-02 16:48:34 -0300},
	Date-Modified = {2013-01-02 16:49:23 -0300},
	Issn = {0167-8655},
	Journal = {Pattern Recognition Letters},
	Number = {6},
	Pages = {415-419},
	Title = {Use of gray value distribution of run lengths for texture analysis},
	Volume = {11},
	Year = {1990}}

@article{Weszka:1976,
	Author = {J. S. Weszka and C. R. Dyer and A. Rosenfeld},
	Date-Added = {2013-01-02 16:35:18 -0300},
	Date-Modified = {2013-01-02 16:37:43 -0300},
	Journal = {IEEE Transactions on Systems, Man and Cybernetics},
	Pages = {269-285},
	Title = {A Comparative Study of Texture Measures for Terrain Classification},
	Volume = {SMC-6 (4)},
	Year = {1976}}

@inproceedings{Albregtsen:2000,
	Author = {F. Albregtsen and B. Nielsen and H. E. Danielsen},
	Booktitle = {15th International Conference on Pattern Recognition},
	Date-Added = {2013-01-02 15:34:40 -0300},
	Date-Modified = {2013-01-02 15:37:13 -0300},
	Pages = {738-741},
	Title = {Adaptive gray level run length features from class distance matrices},
	Volume = {3},
	Year = {2000}}

@article{Galloway:1975,
	Author = {Mary M. Galloway},
	Date-Added = {2013-01-02 15:25:59 -0300},
	Date-Modified = {2013-01-02 15:26:14 -0300},
	Issn = {0146-664X},
	Journal = {Computer Graphics and Image Processing},
	Number = {2},
	Pages = {172 - 179},
	Title = {Texture analysis using gray level run lengths},
	Volume = {4},
	Year = {1975}}

@mastersthesis{Gomes:2009,
	Address = {Recife},
	Author = {Daniel de Filgueiras Gomes},
	Date-Added = {2012-12-18 16:42:48 -0300},
	Date-Modified = {2012-12-18 16:43:41 -0300},
	School = {Universidade Federal de Pernambuco (UFPE)},
	Title = {Vis{\~a}o Computacional e Segmenta{\c c}{\~a}o de Imagens por Discrimina{\c c}{\~a}o de Texturas},
	Year = {2009}}

@article{Baraldi:1995,
	Author = {A. Baraldi and F. Parmiggiani},
	Date-Added = {2012-12-18 15:08:33 -0300},
	Date-Modified = {2012-12-18 15:10:19 -0300},
	Journal = {IEEE Transactions on Geoscience and Remote Sensing},
	Number = {2},
	Pages = {293-304},
	Title = {An investigation of the textural characteristics associated with gray level cooccurrence matrix statistical parameters},
	Volume = {33},
	Year = {1995}}

@mastersthesis{Silva:2007,
	Address = {Uberl{\^a}ndia, MG},
	Author = {S\'ergio Francisco da Silva},
	Date-Added = {2012-12-17 16:14:18 -0300},
	Date-Modified = {2012-12-17 16:16:42 -0300},
	School = {Universidade Federal de Uberl{\^a}ndia},
	Title = {Realimenta{\c c}{\~a}o de Relev{\^a}ncia via Algoritmos Gen{\'e}ticos aplicada {\`a} Recupera{\c c}{\~a}o de Imagens},
	Year = {2007}}

@book{Pedrini:2008,
	Address = {S\~ao Paulo},
	Author = {H\'elio Pedrini and William Robson Schwartz},
	Date-Added = {2012-12-17 15:58:11 -0300},
	Date-Modified = {2012-12-17 16:01:42 -0300},
	Publisher = {Thomson Learning},
	Title = {An\'alise de Imagens Digitais - Princ\'ipios, Algoritmos e Aplica{\c c}\~oes},
	Year = {2008}}

@phdthesis{Neto:2008,
  Author = {Eufr\'{a}sio de A. Lima Neto},
  School = {Universidade Federal de Pernambuco (UFPE)},
  Title  = {Modelos de Regress{\~a}o para Dados Simb{\'o}licos de Natureza Intervalar},
  Year   = {2008}
}

@inproceedings{McNeill:2006b,
	Address = {Atlanta, Georgia, USA},
	Author = {Graham McNeill and Sethu Vijayakumar},
	Booktitle = {Proceedings of the International Conference on Image Processing},
	Date-Added = {2012-11-21 11:49:26 -0300},
	Date-Modified = {2012-11-21 11:50:38 -0300},
	Month = {October},
	Pages = {937-940},
	Title = {A Probabilistic Approach to Robust Shape Matching},
	Year = {2006}}

@inproceedings{Daliri:2006,
	Acmid = {1193760},
	Address = {Washington, DC, USA},
	Author = {Daliri, Mohammad Reza and Torre, Vincent},
	Booktitle = {Proceedings of the 5th International Conference on Machine Learning and Applications},
	Date-Added = {2012-11-21 11:42:34 -0300},
	Date-Modified = {2012-11-21 11:42:52 -0300},
	Doi = {10.1109/ICMLA.2006.48},
	Isbn = {0-7695-2735-3},
	Numpages = {8},
	Pages = {101-108},
	Publisher = {IEEE Computer Society},
	Series = {ICMLA '06},
	Title = {Shape Recognition and Retrieval Using String of Symbols},
	Url = {http://dx.doi.org/10.1109/ICMLA.2006.48},
	Year = {2006},
	Bdsk-Url-1 = {http://dx.doi.org/10.1109/ICMLA.2006.48}}

@article{Super:2004b,
	Acmid = {976016},
	Address = {New York, NY, USA},
	Author = {Super, Boaz J.},
	Date-Added = {2012-11-21 11:33:57 -0300},
	Date-Modified = {2012-11-21 11:34:15 -0300},
	Issn = {0167-8655},
	Issue_Date = {19 January 2004},
	Journal = {Pattern Recogn. Lett.},
	Number = {2},
	Numpages = {9},
	Pages = {217-225},
	Publisher = {Elsevier Science Inc.},
	Title = {Fast correspondence-based system for shape retrieval},
	Volume = {25},
	Year = {2004}}

@article{Super:2003,
  Author = {Boaz J. Super},
  Pages  = {228-239},
  Title  = {Improving object recognition accuracy and speed through nonuniform sampling},
  Year   = {2003}
}

@article{Jalba:2006,
	Acmid = {2320896},
	Address = {Piscataway, NJ, USA},
	Author = {Jalba, A. C. and Wilkinson, M. H.F. and Roerdink, J. B.T.M.},
	Date-Added = {2012-11-20 16:39:48 -0300},
	Date-Modified = {2012-11-21 11:04:12 -0300},
	Issn = {1057-7149},
	Issue_Date = {February 2006},
	Journal = {IEEE Transactions on Image Processing},
	Number = {2},
	Numpages = {11},
	Pages = {331-341},
	Publisher = {IEEE Press},
	Title = {Shape representation and recognition through morphological curvature scale spaces},
	Volume = {15},
	Year = {2006}}

@article{Kimia:2004,
	Acmid = {977377},
	Address = {Washington, DC, USA},
	Author = {Sebastian, Thomas B. and Klein, Philip N. and Kimia, Benjamin B.},
	Date-Added = {2012-11-20 10:46:31 -0300},
	Date-Modified = {2012-11-20 10:47:15 -0300},
	Doi = {10.1109/TPAMI.2004.1273924},
	Issn = {0162-8828},
	Issue_Date = {May 2004},
	Journal = {IEEE Transactions on Pattern Analysis and Machine Intelligence},
	Month = may,
	Number = {5},
	Numpages = {22},
	Pages = {550-571},
	Publisher = {IEEE Computer Society},
	Title = {Recognition of Shapes by Editing Their Shock Graphs},
	Volume = {26},
	Year = {2004},
	Bdsk-Url-1 = {http://dx.doi.org/10.1109/TPAMI.2004.1273924}}

@inproceedings{Kimia:2001,
	Author = {Thomas B. Sebastian and Philip N. Klein and Benjamin B. Kimia},
	Booktitle = {ICCV},
	Date-Added = {2012-11-20 10:45:27 -0300},
	Date-Modified = {2012-11-20 10:45:38 -0300},
	Title = {Recognition of Shapes by Editing Shock Graphs},
	Year = {2001}}

@article{Kimia:1998,
	Author = {Daniel Sharvit and Jacky Chan and H{\"u}seyin Tek and Benjamin B. Kimia},
	Date-Added = {2012-11-20 10:35:44 -0300},
	Date-Modified = {2012-11-20 10:36:06 -0300},
	Journal = {J. Visual Communication and Image Representation},
	Pages = {366-380},
	Title = {Symmetry-based Indexing of Image Databases},
	Volume = {9},
	Year = {1998}}

@book{Bustos:1992,
	Author = {Oscar H. Bustos and Alejandro C. Frery},
	Date-Added = {2012-10-31 11:15:36 -0300},
	Date-Modified = {2012-10-31 11:19:17 -0300},
	Publisher = {Instituto de Matem{\'a}tica Pura e Aplicada (IMPA)},
	Title = {Simula{\c c}{\~a}o estoc{\'a}stica: Teoria e Algoritmos (vers{\~a}o completa)},
	Year = {1992}}

@book{Timothy:2004,
	Author = {Ross, Timothy J.},
	Date-Added = {2012-10-26 12:56:06 -0300},
	Date-Modified = {2012-10-26 12:56:48 -0300},
	Howpublished = {Paperback},
	Isbn = {0470860758},
	Keywords = {book, entropy, fuzzy, logic},
	Month = aug,
	Priority = {2},
	Publisher = {{John Wiley \& Sons}},
	Title = {{Fuzzy Logic with Engineering Applications}},
	Year = {2004}}

@article{Xu:2009b,
	Address = {Los Alamitos, CA, USA},
	Author = {Yong Xu and Si-Bin Huang and Hui Ji and C. Fermuller},
	Date-Added = {2012-09-26 10:49:28 -0300},
	Date-Modified = {2012-09-26 10:49:49 -0300},
	Isbn = {978-1-4244-3992-8},
	Journal = {2012 IEEE Conference on Computer Vision and Pattern Recognition},
	Pages = {573-580},
	Publisher = {IEEE Computer Society},
	Title = {Combining powerful local and global statistics for texture description},
	Volume = {0},
	Year = {2009}}

@article{Xu:2009,
	Acmid = {1519303},
	Address = {Hingham, MA, USA},
	Author = {Xu, Yong and Ji, Hui and Ferm\"{u}ller, Cornelia},
	Date-Added = {2012-09-26 10:48:13 -0300},
	Date-Modified = {2012-09-26 10:48:30 -0300},
	Doi = {10.1007/s11263-009-0220-6},
	Issn = {0920-5691},
	Issue_Date = {June 2009},
	Journal = {Int. J. Comput. Vision},
	Keywords = {Fractal dimension, Multi-fractal spectrum, Texture classification, Texture description, Viewpoint invariance},
	Month = jun,
	Number = {1},
	Numpages = {16},
	Pages = {85--100},
	Publisher = {Kluwer Academic Publishers},
	Title = {Viewpoint Invariant Texture Description Using Fractal Analysis},
	Volume = {83},
	Year = {2009},
	Bdsk-Url-1 = {http://dx.doi.org/10.1007/s11263-009-0220-6}}

@article{Crosier:2010,
	Acmid = {1773661},
	Address = {Hingham, MA, USA},
	Author = {Crosier, M. and Griffin, L. D.},
	Date-Added = {2012-09-26 10:46:41 -0300},
	Date-Modified = {2012-09-26 10:46:55 -0300},
	Issn = {0920-5691},
	Issue_Date = {July 2010},
	Journal = {Int. J. Comput. Vision},
	Keywords = {Basic Image Features, Textons, Texture classification},
	Month = jul,
	Number = {3},
	Numpages = {14},
	Pages = {447-460},
	Publisher = {Kluwer Academic Publishers},
	Title = {Using Basic Image Features for Texture Classification},
	Volume = {88},
	Year = {2010}}

@article{Mellor:2008,
	Acmid = {1320870},
	Address = {Washington, DC, USA},
	Author = {Mellor, Matthew and Hong, Byung-Woo and Brady, Michael},
	Date-Added = {2012-09-26 10:43:34 -0300},
	Date-Modified = {2012-09-26 10:43:46 -0300},
	Issn = {0162-8828},
	Issue_Date = {January 2008},
	Journal = {IEEE Trans. Pattern Anal. Mach. Intell.},
	Month = jan,
	Number = {1},
	Numpages = {10},
	Pages = {52-61},
	Publisher = {IEEE Computer Society},
	Title = {Locally Rotation, Contrast, and Scale Invariant Descriptors for Texture Analysis},
	Volume = {30},
	Year = {2008},
	Bdsk-Url-1 = {http://dx.doi.org/10.1109/TPAMI.2007.1161}}

@inproceedings{Hayman:2004,
	Author = {Eric Hayman and Barbara Caputo and Mario Fritz and Jan-Olof Eklundh},
	Booktitle = {ECCV (4)},
	Date-Added = {2012-09-26 10:39:58 -0300},
	Date-Modified = {2012-09-26 10:40:25 -0300},
	Pages = {253-266},
	Title = {On the Significance of Real-World Conditions for Material Classification},
	Volume = {4},
	Year = {2004}}

@inproceedings{Broadhurst:2005,
	Author = {Robert E. Broadhurst},
	Booktitle = {Proceedings of the 4th International Workshop on Texture Analysis and Synthesis},
	Date-Added = {2012-09-26 09:36:44 -0300},
	Date-Modified = {2012-09-26 09:38:54 -0300},
	Pages = {25-30},
	Title = {Statistical Estimation of Histogram Variation for Texture Classification},
	Year = {2005}}

@inproceedings{Xie:2010,
	Author = {Jin Xie and Lei Zhang and Jane You and David Zhang},
	Booktitle = {17th IEEE International Conference on Image Processing (ICIP)},
	Date-Added = {2012-09-14 11:00:10 -0300},
	Date-Modified = {2012-09-14 11:02:07 -0300},
	Pages = {2737-2740},
	Title = {Texture classification via patch-based sparse texton learning},
	Year = {2010}}

@article{Dana:1999,
	Acmid = {300778},
	Address = {New York, NY, USA},
	Author = {Dana, Kristin J. and van Ginneken, Bram and Nayar, Shree K. and Koenderink, Jan J.},
	Date-Added = {2012-09-14 10:32:25 -0300},
	Date-Modified = {2012-09-14 10:33:09 -0300},
	Doi = {10.1145/300776.300778},
	Issn = {0730-0301},
	Issue_Date = {Jan. 1999},
	Journal = {ACM Transactions on Graphics},
	Month = jan,
	Number = {1},
	Numpages = {34},
	Pages = {1-34},
	Publisher = {ACM},
	Title = {Reflectance and texture of real-world surfaces},
	Volume = {18},
	Year = {1999},
	Bdsk-Url-1 = {http://dx.doi.org/10.1145/300776.300778}}

@article{Ojala:2002,
	Acmid = {628808},
	Address = {Washington, DC, USA},
	Author = {Ojala, Timo and Pietik\"{a}inen, Matti and M\"{a}enp\"{a}\"{a}, Topi},
	Date-Added = {2012-09-13 14:35:57 -0300},
	Date-Modified = {2012-09-13 14:36:38 -0300},
	Issn = {0162-8828},
	Issue_Date = {July 2002},
	Journal = {IEEE Transactions on Pattern Analysis and Machine Intelligence},
	Month = jul,
	Number = {7},
	Numpages = {17},
	Pages = {971-987},
	Publisher = {IEEE Computer Society},
	Title = {Multiresolution Gray-Scale and Rotation Invariant Texture Classification with Local Binary Patterns},
	Volume = {24},
	Year = {2002}}

@article{Liu:2012a,
	Author = {Li Liu and Paul W. Fieguth},
	Date-Added = {2012-09-13 10:17:28 -0300},
	Date-Modified = {2012-09-13 10:17:36 -0300},
	Journal = {IEEE Transactions on Pattern Analysis and Machine Intelligence},
	Number = {3},
	Pages = {574-586},
	Title = {Texture Classification from Random Features},
	Volume = {34},
	Year = {2012}}

@inproceedings{Xu:2010,
	Author = {Xu, Yong and Yang, Xiong and Ling, Haibin and Ji, Hui},
	Booktitle = {IEEE Conference on Computer Vision and Pattern Recognition (CVPR)},
	Date-Added = {2012-09-13 10:03:03 -0300},
	Date-Modified = {2012-09-13 10:04:51 -0300},
	Pages = {161-168},
	Title = {A new texture descriptor using multifractal analysis in multi-orientation wavelet pyramid.},
	Year = 2010}

@article{Lazebnik:2005,
	Acmid = {1070813},
	Address = {Washington, DC, USA},
	Author = {Lazebnik, Svetlana and Schmid, Cordelia and Ponce, Jean},
	Date-Added = {2012-09-13 10:00:16 -0300},
	Date-Modified = {2012-09-13 10:01:02 -0300},
	Issn = {0162-8828},
	Issue_Date = {August 2005},
	Journal = {IEEE Transactions on Pattern Analysis and Machine Intelligence},
	Month = aug,
	Number = {8},
	Numpages = {14},
	Pages = {1265-1278},
	Publisher = {IEEE Computer Society},
	Title = {A Sparse Texture Representation Using Local Affine Regions},
	Volume = {27},
	Year = {2005}}

@article{Varma:2009,
	Acmid = {1639270},
	Address = {Washington, DC, USA},
	Author = {Varma, Manik and Zisserman, Andrew},
	Date-Added = {2012-09-13 09:57:09 -0300},
	Date-Modified = {2012-09-13 09:57:50 -0300},
	Issn = {0162-8828},
	Issue_Date = {November 2009},
	Journal = {IEEE Transactions on Pattern Analysis and Machine Intelligence},
	Month = nov,
	Number = {11},
	Numpages = {16},
	Pages = {2032-2047},
	Publisher = {IEEE Computer Society},
	Title = {A Statistical Approach to Material Classification Using Image Patch Exemplars},
	Volume = {31},
	Year = {2009}}

@article{Leung:2001,
	Address = {Hingham, MA, USA},
	Author = {Leung, Thomas and Malik, Jitendra},
	Date-Added = {2012-09-11 15:47:39 -0300},
	Date-Modified = {2012-09-11 15:48:25 -0300},
	Issn = {0920-5691},
	Issue_Date = {June 2001},
	Journal = {International Journal of Computer Vision},
	Number = {1},
	Pages = {29-44},
	Title = {Representing and Recognizing the Visual Appearance of Materials using Three-dimensional Textons},
	Volume = {43},
	Year = {2001}}

@article{Liu:2012,
	Author = {Li Liu and Paul W. Fieguth and David A. Clausi and Gangyao Kuang},
	Date-Added = {2012-09-11 09:38:39 -0300},
	Date-Modified = {2012-09-11 09:39:09 -0300},
	Journal = {Pattern Recognition},
	Number = {6},
	Pages = {2405-2418},
	Title = {Sorted random projections for robust rotation-invariant texture classification},
	Volume = {45},
	Year = {2012}}

@inbook{Tuceryan:1993,
	Author = {Tuceryan, M. and Jain, A. K.},
	Chapter = {Texture Analysis},
	Date-Added = {2012-09-11 09:34:51 -0300},
	Date-Modified = {2012-09-11 09:35:30 -0300},
	Editor = {Chen, C. H. and Pau, L. F. and Wang, P. S. P.},
	Pages = {235-276},
	Publisher = {World Scientific},
	Title = {Handbook Pattern Recognition and Computer Vision},
	Year = {1993}}

@inproceedings{Schmid:2001,
	Author = {Schmid, C.},
	Booktitle = {IEEE Conference on Computer Vision and Pattern Recognition},
	Date-Added = {2012-09-04 11:32:51 -0300},
	Date-Modified = {2012-09-04 11:35:33 -0300},
	Pages = {39-45},
	Title = {Constructing models for content-based image retrieval},
	Volume = {2},
	Year = {2001}}

@book{Ritter:1992,
	Address = {Boston, MA, USA},
	Author = {Ritter, Helge and Martinetz, Thomas and Schulten, Klaus},
	Date-Added = {2012-05-28 15:24:45 -0300},
	Date-Modified = {2012-05-28 15:25:17 -0300},
	Isbn = {0201554437},
	Priority = {2},
	Publisher = {Addison-Wesley Longman Publishing Co., Inc.},
	Title = {Neural Computation and Self-Organizing Maps; An Introduction},
	Year = {1992},
	Bdsk-Url-1 = {http://portal.acm.org/citation.cfm?id=573774}}

@conference{Li:2010,
	Author = {Zhi Li and Guizhong Liu and Xueming Qian and Chen Wang},
	Date-Added = {2012-05-13 14:13:21 -0300},
	Date-Modified = {2012-05-13 14:13:57 -0300},
	Doi = {10.1117/12.863447},
	Editor = {Pascal Frossard and Houqiang Li and Feng Wu and Bernd Girod and Shipeng Li and Guo Wei},
	Eid = {77441T},
	Journal = {Visual Communications and Image Processing 2010},
	Location = {Huangshan, China},
	Number = {1},
	Numpages = {8},
	Pages = {77441T},
	Publisher = {SPIE},
	Title = {Scale and rotation invariant Gabor texture descriptor for texture classification},
	Url = {http://link.aip.org/link/?PSI/7744/77441T/1},
	Volume = {7744},
	Year = {2010},
	Bdsk-Url-1 = {http://link.aip.org/link/?PSI/7744/77441T/1},
	Bdsk-Url-2 = {http://dx.doi.org/10.1117/12.863447}}

@inproceedings{Lo:2004,
	Author = {Lo, E.H.S. and Pickering, M. and Frater, M. and Arnold, J.},
	Booktitle = {Image Processing, 2004. ICIP '04. 2004 International Conference on},
	Date-Added = {2012-05-13 14:11:10 -0300},
	Date-Modified = {2012-05-13 14:11:10 -0300},
	Doi = {10.1109/ICIP.2004.1418731},
	Issn = {1522-4880},
	Keywords = {dual-tree complex wavelet transform; image segmentation; misclassified regions; picture regions classification; rotation invariant texture features; scale invariant texture features; feature extraction; image classification; image segmentation; image texture; trees (mathematics); wavelet transforms;},
	Month = {oct.},
	Pages = {227 - 230 Vol. 1},
	Title = {Scale and rotation invariant texture features from the dual-tree complex wavelet transform},
	Volume = {1},
	Year = {2004},
	Bdsk-Url-1 = {http://dx.doi.org/10.1109/ICIP.2004.1418731}}

@inproceedings{Rahman:2011,
	Added-At = {2012-01-19T00:00:00.000+0100},
	Author = {Rahman, Md. Hafizur and Pickering, Mark R. and Frater, Michael R.},
	Booktitle = {DICTA},
	Crossref = {conf/dicta/2011},
	Date-Added = {2012-05-11 12:26:47 -0300},
	Date-Modified = {2012-05-11 12:27:22 -0300},
	Editor = {Bradley, Andrew P. and Jackway, Paul T.},
	Isbn = {978-1-4577-2006-2},
	Keywords = {dblp},
	Pages = {602-607},
	Publisher = {IEEE},
	Title = {Scale and Rotation Invariant Gabor Features for Texture Retrieval.},
	Year = 2011,
	Bdsk-Url-1 = {http://dblp.uni-trier.de/db/conf/dicta/dicta2011.html#RahmanPF11}}

@article{Han:2007,
	Author = {Ju Han and Kai-Kuang Ma},
	Date-Added = {2012-05-11 12:23:51 -0300},
	Date-Modified = {2012-05-11 12:24:21 -0300},
	Doi = {10.1016/j.imavis.2006.12.015},
	Issn = {0262-8856},
	Journal = {Image and Vision Computing},
	Number = {9},
	Pages = {1474 - 1481},
	Title = {Rotation-invariant and scale-invariant Gabor features for texture image retrieval},
	Volume = {25},
	Year = {2007},
	Bdsk-Url-1 = {http://www.sciencedirect.com/science/article/pii/S0262885606003672},
	Bdsk-Url-2 = {http://dx.doi.org/10.1016/j.imavis.2006.12.015}}

@article{Mali:2003,
	Acmid = {899458},
	Address = {New York, NY, USA},
	Author = {Mali, Kalyani and Mitra, Sushmita},
	Date-Added = {2012-03-26 09:31:13 -0300},
	Date-Modified = {2012-03-26 09:31:44 -0300},
	Issn = {0167-8655},
	Issue_Date = {October 2003},
	Journal = {Pattern Recogn. Lett.},
	Keywords = {hierarchical clustering, symbolic clustering, symbolic data, validity index},
	Month = oct,
	Number = {14},
	Numpages = {10},
	Pages = {2367--2376},
	Publisher = {Elsevier Science Inc.},
	Title = {Clustering and its validation in a symbolic framework},
	Volume = {24},
	Year = {2003},
	Bdsk-Url-1 = {http://dx.doi.org/10.1016/S0167-8655(03)00066-7}}

@article{Mirkin:1970,
	Author = {Mirkin, Boris G and Chernyi, L B},
	Date-Added = {2012-03-22 14:21:39 -0300},
	Date-Modified = {2012-03-22 14:21:53 -0300},
	Journal = {Automation and Remote Control},
	Number = {31},
	Pages = {786-792},
	Title = {Measurement of the Distance Between Distinct Partitions of a Finite Set of Objects},
	Volume = {5},
	Year = {1970}}

@techreport{Alfonso:2005,
	Author = {Alfonso, F. and Billard, L. and Diday, E.},
	Date-Added = {2012-01-30 15:42:08 -0300},
	Date-Modified = {2012-01-30 15:42:59 -0300},
	Institution = {University of Georgia, USA},
	Title = {Symbolic linear regression in the presence of taxonomy and hierarchical variables},
	Year = {2005}}

@inproceedings{Maia:2006,
	Acmid = {1191394},
	Address = {Washington, DC, USA},
	Author = {Maia, Andre Luiz S. and Carvalho, Francisco de A. T. de},
	Booktitle = {Proceedings of the Ninth Brazilian Symposium on Neural Networks},
	Date-Added = {2012-01-30 15:38:54 -0300},
	Date-Modified = {2012-01-30 15:39:22 -0300},
	Doi = {10.1109/SBRN.2006.41},
	Isbn = {0-7695-2680-2},
	Publisher = {IEEE Computer Society},
	Title = {Symbolic interval time series forecasting using a hybrid model},
	Url = {http://dl.acm.org/citation.cfm?id=1190620.1191394},
	Year = {2006},
	Bdsk-Url-1 = {http://dl.acm.org/citation.cfm?id=1190620.1191394},
	Bdsk-Url-2 = {http://dx.doi.org/10.1109/SBRN.2006.41}}

@article{Ciampi:2000,
	Author = {Ciampi, A. and Diday, E. and Lebbe, J. and P{\'e}rinel and E. and Vignes, R.},
	Date-Added = {2012-01-30 15:35:20 -0300},
	Date-Modified = {2012-01-30 15:35:59 -0300},
	Journal = {Pattern Recognition Letters},
	Number = {9},
	Pages = {787--803},
	Title = {Growing a tree classifier with imprecise data},
	Url = {http://linkinghub.elsevier.com/retrieve/pii/S0167865500000404},
	Volume = {21},
	Year = {2000},
	Bdsk-Url-1 = {http://linkinghub.elsevier.com/retrieve/pii/S0167865500000404}}

@article{Irpino:2006,
	Author = {Antonio Irpino},
	Date-Added = {2012-01-30 15:22:28 -0300},
	Date-Modified = {2012-01-30 15:23:34 -0300},
	Journal = {Pattern Recognition Letters},
	Number = {5},
	Pages = {504-513},
	Title = {'Spaghetti' PCA analysis: An extension of principal components analysis to time dependent interval data},
	Volume = {27},
	Year = {2006}}

@article{Rangarajan:2004,
	Acmid = {1011229},
	Address = {New York, NY, USA},
	Author = {Rangarajan, Lalitha and Nagabhushan, P.},
	Date-Added = {2012-01-30 15:21:03 -0300},
	Date-Modified = {2012-01-30 15:21:11 -0300},
	Doi = {10.1016/j.patrec.2004.02.003},
	Issn = {0167-8655},
	Issue = {8},
	Journal = {Pattern Recogn. Lett.},
	Keywords = {clustering, data assimilation, dimensionality reduction, pattern classification, regression, symbolic data, temporal feature analysis},
	Month = {June},
	Numpages = {12},
	Pages = {899--910},
	Publisher = {Elsevier Science Inc.},
	Title = {Dimensionality reduction of multidimensional temporal data through regression},
	Url = {http://dl.acm.org/citation.cfm?id=1011221.1011229},
	Volume = {25},
	Year = {2004},
	Bdsk-Url-1 = {http://dl.acm.org/citation.cfm?id=1011221.1011229},
	Bdsk-Url-2 = {http://dx.doi.org/10.1016/j.patrec.2004.02.003}}

@article{Lauro:2006,
	Acmid = {1182402},
	Address = {Hingham, MA, USA},
	Author = {Gioia, Federica and Lauro, Carlo N.},
	Date-Added = {2012-01-30 15:17:48 -0300},
	Date-Modified = {2012-01-30 15:18:56 -0300},
	Doi = {10.1007/s00180-006-0267-6},
	Issn = {0943-4062},
	Issue = {2},
	Journal = {Comput. Stat.},
	Keywords = {PCA, interval algebra, interval-valued variable, visualization},
	Month = {June},
	Numpages = {21},
	Pages = {343-363},
	Publisher = {Kluwer Academic Publishers},
	Title = {Principal component analysis on interval data},
	Volume = {21},
	Year = {2006},
	Bdsk-Url-1 = {http://dl.acm.org/citation.cfm?id=1182392.1182402},
	Bdsk-Url-2 = {http://dx.doi.org/10.1007/s00180-006-0267-6}}

@article{Nagabhushan:1995,
	Author = {P. Nagabhushan and K. Chidananda Gowda and Edwin Diday},
	Date-Added = {2012-01-30 15:14:49 -0300},
	Date-Modified = {2012-01-30 15:15:30 -0300},
	Journal = {Pattern Recognition Letters},
	Pages = {219-223},
	Title = {Dimensionality reduction of symbolic data.},
	Year = {1995}}

@incollection{Billard:2004,
	Affiliation = {University of Georgia, USA},
	Author = {L. Billard},
	Booktitle = {Classification, Clustering, and Data Mining Applications},
	Date-Added = {2012-01-30 15:07:32 -0300},
	Date-Modified = {2012-01-30 15:07:48 -0300},
	Editor = {Banks, David and House, Leanna and McMorris, Frederick R. and Arabie, Phipps and Gaul, Wolfgang},
	Isbn = {978-3-642-17103-1},
	Keyword = {Mathematics and Statistics},
	Note = {10.1007/978-3-642-17103-1_30},
	Pages = {319-324},
	Publisher = {Springer Berlin Heidelberg},
	Series = {Studies in Classification, Data Analysis, and Knowledge Organization},
	Title = {Dependencies in Bivariate Interval-Valued Symbolic Data},
	Url = {http://dx.doi.org/10.1007/978-3-642-17103-1_30},
	Volume = {0},
	Year = {2004},
	Bdsk-Url-1 = {http://dx.doi.org/10.1007/978-3-642-17103-1_30}}

@inproceedings{Fraiture:1997,
	Acmid = {723841},
	Address = {London, UK, UK},
	Author = {Noirhomme-Fraiture, Monique and Rouard, Manuel},
	Booktitle = {Proceedings of the IFIP TC13 Interantional Conference on Human-Computer Interaction},
	Date-Added = {2012-01-30 15:04:07 -0300},
	Date-Modified = {2012-01-30 15:04:27 -0300},
	Isbn = {0-412-80950-8},
	Numpages = {2},
	Pages = {100-101},
	Publisher = {Chapman \&amp; Hall, Ltd.},
	Series = {INTERACT '97},
	Title = {Zoom Star: a solution to complex statistical object representation},
	Year = {1997},
	Bdsk-Url-1 = {http://dl.acm.org/citation.cfm?id=647403.723841}}

@phdthesis{Ziani:1996,
	Author = {D. Ziani},
	Date-Added = {2012-01-30 14:56:29 -0300},
	Date-Modified = {2012-01-30 14:56:57 -0300},
	School = {Universite Paris IX Dauphine, Paris},
	Title = {Slection de variables sur un ensemble d'objets symboliques},
	Year = {1996}}

@phdthesis{Vignes:1991,
	Author = {R. Vignes},
	Date-Added = {2012-01-30 14:55:29 -0300},
	Date-Modified = {2012-01-30 14:55:59 -0300},
	School = {Universite Paris VI Pierre et Marie Curie},
	Title = {Caracterisation Automatique de Groupes Biologiques},
	Year = {1991}}

@article{Ichino:1984,
	Author = {M. Ichino and J. Sklanky},
	Date-Added = {2012-01-30 14:53:00 -0300},
	Date-Modified = {2012-01-30 14:54:05 -0300},
	Journal = {IEEE Transactions on In Systems, Man and Cybernetics},
	Number = {5},
	Pages = {737-746},
	Title = {Optimum Feature selection by zero-one Integer Programming},
	Volume = {14},
	Year = {1984}}

@article{Ichino:1981,
	Author = {M. Ichino},
	Date-Added = {2012-01-30 14:50:16 -0300},
	Date-Modified = {2012-01-30 14:51:36 -0300},
	Journal = {IEEE Transactions on In Systems, Man and Cybernetics},
	Number = {4},
	Pages = {289-296},
	Title = {Nonparametric Feature Selection Method Based on Local Interclass Structure},
	Volume = {11},
	Year = {1981}}

@incollection{Summa:2000,
	Author = {M. Gettler-Summa and C. Pardoux},
	Booktitle = {Analysis of Symbolic Data},
	Date-Added = {2012-01-30 14:33:55 -0300},
	Date-Modified = {2012-01-30 14:35:38 -0300},
	Pages = {342-354},
	Publisher = {Springer},
	Title = {Symbolical approach for three-way data},
	Year = {2000}}

@article{Palumbo:1999,
	Author = {Palumbo, Francesco and Verde, Rosanna},
	Date-Added = {2012-01-30 14:31:18 -0300},
	Date-Modified = {2012-01-30 14:32:04 -0300},
	Issn = {1526-4025},
	Journal = {Applied Stochastic Models in Business and Industry},
	Number = {4},
	Pages = {419-427},
	Publisher = {John Wiley & Sons, Ltd.},
	Title = {Non-symmetrical factorial discriminant analysis for symbolic objects},
	Volume = {15},
	Year = {1999},
	Bdsk-Url-1 = {http://dx.doi.org/10.1002/(SICI)1526-4025(199910/12)15:4%3C419::AID-ASMB405%3E3.0.CO;2-P}}

@article{Cazes:1997,
	Author = {P. Cazes, A. Chouakria, E. Diday, Y. Schektman},
	Date-Added = {2012-01-30 14:27:44 -0300},
	Date-Modified = {2012-01-30 14:28:20 -0300},
	Journal = {Revue de Statistique appliqu{\'e}e},
	Title = {Extension de l'analyse en composantes principales {\`a} des donn{\'e}es de type intervalle},
	Year = {1997}}

@phdthesis{Souza:2003,
  Author = {Renata Maria Cardoso Rodrigues de Souza},
  School = {Centro de Inform{\'a}tica (CIn), Universidade Federal de Pernambuco (UFPE)},
  Title  = {M{\'e}todos de Cluster para Intervalos Usando Algoritmos do Tipo Nuvens Din{\^a}micas},
  Year   = {2003}
}

@incollection{Michalski:1981,
	Author = {R. S. Michalski and R. E. Stepp and Edwin Diday},
	Booktitle = {Progress in Pattern Recognition},
	Date-Added = {2012-01-30 13:02:22 -0300},
	Date-Modified = {2012-01-30 13:06:59 -0300},
	Pages = {33-56},
	Publisher = {Kanal & A. Rosenfeld},
	Title = {A recent advances in data analysis: clustering objects into classes characterized by conjunctive concepts},
	Year = {1981}}

@article{Morgan:1963,
	Author = {Morgan, J. N. and Sonquist, J. A.},
	Date-Added = {2012-01-30 12:56:54 -0300},
	Date-Modified = {2012-01-30 12:57:18 -0300},
	Pages = {415-434},
	Title = {Problems in the analysis of survey data, and a proposal},
	Volume = {58},
	Year = {1963}}

@article{Belson:1959,
	Author = {Belson, W. A.},
	Date-Added = {2012-01-30 12:54:49 -0300},
	Date-Modified = {2012-01-30 12:55:12 -0300},
	Journal = {Applied Statistics},
	Month = jun,
	Number = {2},
	Pages = {65-75},
	Title = {Matching and Prediction on the Principle of Biological Classification},
	Volume = {8},
	Year = {1959}}

@mastersthesis{Nicomedes:2006,
  Author = {Nicomedes L. Cavalcanti Junior},
  School = {Centro de Inform{\'a}tica (CIn), Universidade Federal de Pernambuco (UFPE)},
  Title  = {Clusteriza{\c c}{\~a}o baseada em algoritmos fuzzy},
  Year   = {2006}
}

@book{Han:2006,
	Edition = {2},
	Howpublished = {Hardcover},
	Isbn = {1558609016},
	Month = jan,
	Publisher = {Morgan Kaufmann},
	Title = {Data Mining: Concepts and Techniques, Second Edition (The Morgan Kaufmann Series in Data Management Systems)},
	Year = {2006},
	Bdsk-Url-1 = {http://www.amazon.com/exec/obidos/redirect?tag=citeulike07-20%5C&path=ASIN/1558609016}}

@article{DeCarvalho:2003,
	Author = {Francisco A. T. de Carvalho and R.M.C.R. de Souza},
	Date-Added = {2012-01-24 14:17:51 -0300},
	Date-Modified = {2012-01-24 14:17:55 -0300},
	Doi = {10.1049/el:20030304},
	Journal = {Electronics Letters},
	Keywords = {unsupervised pattern recognition methods; interval data; dynamic cluster algorithm; adaptive distances; image segmentation; clustering outputs comparison; external index; adaptive methods},
	Number = {5},
	Pages = {433-434},
	Publisher = {IEE},
	Title = {Unsupervised pattern recognition methods for interval data using non-quadratic distances},
	Volume = {39},
	Year = {2003},
	Bdsk-Url-1 = {http://link.aip.org/link/?ELL/39/433/1},
	Bdsk-Url-2 = {http://dx.doi.org/10.1049/el:20030304}}

@techreport{Diday:1986,
	Affiliation = {INRIA Rocquencourt - INRIA Rocquencourt},
	Author = {Diday, E.},
	Date-Added = {2012-01-24 14:11:26 -0300},
	Date-Modified = {2012-01-24 14:11:41 -0300},
	Hal_Id = {inria-00075822},
	Institution = {INRIA},
	Language = {English},
	Month = Oct,
	Number = {RR-0730},
	Title = {Orders and overlapping clusters by pyramids},
	Year = {1987},
	Bdsk-Url-1 = {http://hal.inria.fr/inria-00075822}}

@book{Billard:2007,
  Address   = {New York},
  Author    = {Lynne Billard and Edwin Diday},
  Publisher = {Wiley},
  Title     = {Symbolic Data Analysis: Conceptual Statistics and Data Mining},
  Year      = {2007}
}

@article{Zhou:2002,
	Acmid = {636172},
	Address = {New York, NY, USA},
	Author = {Zhou, Xiang Sean and Huang, Thomas S.},
	Date-Added = {2012-01-23 16:43:13 -0300},
	Date-Modified = {2012-01-23 16:43:21 -0300},
	Doi = {10.1016/S0020-0255(02)00286-4},
	Issn = {0020-0255},
	Issue = {1-4},
	Journal = {Inf. Sci. Appl.},
	Month = {December},
	Numpages = {9},
	Pages = {129-137},
	Publisher = {Elsevier Science Inc.},
	Title = {Relevance feedback in content-based image retrieval: some recent advances},
	Volume = {148},
	Year = {2002},
	Bdsk-Url-1 = {http://dl.acm.org/citation.cfm?id=636160.636172},
	Bdsk-Url-2 = {http://dx.doi.org/10.1016/S0020-0255(02)00286-4}}

@inproceedings{Ciaccia:1997,
  Author = {Paolo Ciaccia and Marco Patella and Pavel Zezula},
  Pages  = {426-435},
  Title  = {M-tree: An Efficient Access Method for Similarity Search in Metric Spaces},
  Year   = {1997}
}

@inproceedings{Sclaroff:1997,
	Author = {Stan Sclaroff and Leonid Taycher and Marco La Cascia},
	Booktitle = {In Proc. IEEE Workshop on Content-based Access of Image and Video Libraries},
	Date-Added = {2012-01-16 15:24:08 -0300},
	Date-Modified = {2012-01-16 15:24:13 -0300},
	Pages = {2-9},
	Title = {ImageRover: A Content-Based Image Browser for the World Wide Web},
	Year = {1997}}

@article{Arnonkijpanich:2010,
  Author    = {Arnonkijpanich, Banchar and Hasenfuss, Alexander and Hammer, Barbara},
  Journal   = {Neural Networks},
  Number    = {4},
  Pages     = {476-486},
  Publisher = {Elsevier Ltd},
  Title     = {Local matrix learning in clustering and applications for manifold visualization.},
  Volume    = {23},
  Year      = {2010}
}

@incollection{WSOM:2011,
  Affiliation = {Computational Intelligence Group, University of Applied Sciences Mittweida, 09648 Mittweida, Germany},
  Author      = {K{\"a}stner, Marika and Backhaus, Andreas and Geweniger, Tina and Haase, Sven and Seiffert, Udo and Villmann, Thomas},
  Booktitle   = {Advances in Self-Organizing Maps},
  Editor      = {Laaksonen, Jorma and Honkela, Timo},
  Isbn        = {978-3-642-21565-0},
  Keyword     = {Computer Science},
  Pages       = {90-100},
  Publisher   = {Springer Berlin / Heidelberg},
  Series      = {Lecture Notes in Computer Science},
  Title       = {Relevance Learning in Unsupervised Vector Quantization Based on Divergences},
  Volume      = {6731},
  Year        = {2011}
}

@article{Hammer:2002,
	Author = {Barbara Hammer and Thomas Villmann},
	Date-Added = {2012-01-02 09:54:31 -0300},
	Date-Modified = {2012-01-02 09:54:36 -0300},
	Journal = {Neural Networks},
	Pages = {1059-1068},
	Title = {Generalized Relevance Learning Vector Quantization},
	Volume = {15},
	Year = {2002}}

@book{Everitt:2009,
	Author = {Everitt, Brian S. and Landau, Sabine and Leese, Morven},
	Citeulike-Article-Id = {134703},
	Date-Added = {2011-12-27 12:31:22 -0300},
	Date-Modified = {2011-12-27 12:32:10 -0300},
	Edition = {4th},
	Howpublished = {Hardcover},
	Isbn = {0340761199},
	Keywords = {clustering},
	Month = jan,
	Publisher = {Wiley},
	Title = {Cluster Analysis},
	Year = {2009},
	Bdsk-Url-1 = {http://www.amazon.com/exec/obidos/redirect?tag=citeulike07-20%5C&path=ASIN/0340761199}}

@article{DeCarvalho:2009a,
	Author = {Francisco A. T. de Carvalho and Y. Lechevalliere},
	Date-Added = {2011-12-15 15:00:55 -0300},
	Date-Modified = {2011-12-15 15:02:45 -0300},
	Journal = {Pattern Recognition},
	Number = {7},
	Pages = {1223-1236},
	Title = {Partitional clustering algorithms for symbolic interval data based on single adaptive distances},
	Volume = {42},
	Year = {2009}}

@book{Martinez:2002,
	Author = {Wendy L. Martinez and Angel R. Martinez},
	Date-Added = {2011-12-14 17:14:25 -0300},
	Date-Modified = {2011-12-14 17:15:39 -0300},
	Day = {20},
	Edition = {2},
	Howpublished = {Hardcover},
	Isbn = {1584885661},
	Month = dec,
	Publisher = {Chapman \& Hall/CRC},
	Title = {Computational Statistics Handbook with MATLAB, Second Edition (Computer Science and Data Analysis)},
	Year = {2007},
	Bdsk-Url-1 = {http://www.amazon.com/exec/obidos/redirect?tag=citeulike07-20%5C&path=ASIN/1584885661}}

@article{Campello:2010,
	Acmid = {1774985},
	Address = {New York, NY, USA},
	Author = {R. J. G. B. Campello},
	Date-Added = {2011-12-14 14:53:36 -0300},
	Date-Modified = {2011-12-14 14:54:17 -0300},
	Issn = {0167-8655},
	Issue = {9},
	Journal = {Pattern Recognition Letters},
	Month = {July},
	Numpages = {10},
	Pages = {966-975},
	Publisher = {Elsevier Science Inc.},
	Title = {Generalized external indexes for comparing data partitions with overlapping categories},
	Volume = {31},
	Year = {2010},
	Bdsk-Url-1 = {http://dx.doi.org/10.1016/j.patrec.2010.01.002}}

@article{Campello:2007,
	Author = {R. J. G. B. Campello},
	Date-Added = {2011-12-14 14:51:02 -0300},
	Date-Modified = {2011-12-14 14:51:50 -0300},
	Journal = {Pattern Recognition Letters},
	Number = {7},
	Pages = {833-841},
	Title = {A fuzzy extension of the Rand index and other related indexes for clustering and classification assessment},
	Volume = {28},
	Year = {2007},
	Bdsk-Url-1 = {http://dx.doi.org/10.1016/j.patrec.2006.11.010}}

@article{Xu:2005,
	Author = {Rui Xu and D. Wunsch},
	Booktitle = {IEEE Transactions on Neural Networks},
	Date-Added = {2011-12-06 09:58:34 -0300},
	Date-Modified = {2011-12-06 09:59:39 -0300},
	Doi = {10.1109/TNN.2005.845141},
	Issn = {1045-9227},
	Journal = {IEEE Transactions on Neural Networks},
	Keywords = {clustering, measures, metrics, survey},
	Month = may,
	Number = {3},
	Pages = {645-678},
	Posted-At = {2009-01-22 09:29:10},
	Priority = {5},
	Publisher = {IEEE},
	Title = {Survey of clustering algorithms},
	Volume = {16},
	Year = {2005},
	Bdsk-Url-1 = {http://dx.doi.org/10.1109/TNN.2005.845141}}

@phdthesis{Wei:2002,
  Address   = {Stanford, CA, USA},
  Advisor   = {Levoy, Marc},
  Author    = {Li-Yi Wei},
  Isbn      = {0-493-52003-1},
  Note      = {AAI3038169},
  Publisher = {Stanford University},
  Title     = {Texture synthesis by fixed neighborhood searching},
  Year      = {2002}
}

@article{DeCarvalho:2010,
	Acmid = {1716202},
	Address = {New York, NY, USA},
	Author = {Francisco A. T. de Carvalho and Renata M. C. R de Souza},
	Date-Added = {2011-11-03 14:54:08 -0300},
	Date-Modified = {2011-11-04 16:45:40 -0300},
	Issn = {0167-8655},
	Issue = {5},
	Journal = {Pattern Recognition Letters},
	Month = {April},
	Numpages = {14},
	Pages = {430-443},
	Publisher = {Elsevier Science Inc.},
	Title = {Unsupervised pattern recognition models for mixed feature-type symbolic data},
	Volume = {31},
	Year = {2010}}

@article{Myers:1980,
  Author  = {Myers, C. and Rabiner, L. and Rosenberg, A.},
  Journal = {IEEE Transactions on Acoustics, Speech, and Signal Processing},
  Number  = {6},
  Pages   = {623-635},
  Title   = {Performance tradeoffs in dynamic time warping algorithms for isolated word recognition},
  Volume  = {28},
  Year    = {1980}
}

@book{Papadimitriou:1998,
	Author = {Papadimitriou CH and Steiglitz K.},
	Date-Added = {2011-11-03 14:17:25 -0300},
	Date-Modified = {2011-11-03 14:18:12 -0300},
	Publisher = {Dover Publications},
	Title = {Combinatorial Optimization: Algorithms and Complexity},
	Year = {1998}}

@article{Kokare:2004,
  Address   = {New York, NY, USA},
  Author    = {Kokare, Manesh and Chatterji, B. N. and Biswas, P. K.},
  Issn      = {0167-8655},
  Issue     = {4},
  Journal   = {Pattern Recognition Letters},
  Month     = {March},
  Numpages  = {8},
  Pages     = {391-398},
  Publisher = {Elsevier Science Inc.},
  Title     = {Cosine-modulated wavelet based texture features for content-based image retrieval},
  Volume    = {25},
  Year      = {2004}
}

@article{Huang:2006,
	Author = {Huang, P W and Dai, S K and Lin, P L},
	Date-Added = {2011-10-27 10:11:35 -0300},
	Date-Modified = {2011-10-27 10:11:55 -0300},
	Journal = {Journal of Visual Communication and Image Representation},
	Number = {5},
	Pages = {947-957},
	Title = {Texture image retrieval and image segmentation using composite sub-band gradient vectors},
	Volume = {17},
	Year = {2006},
	Bdsk-Url-1 = {http://linkinghub.elsevier.com/retrieve/pii/S1047320305000817}}

@article{Minh:2002,
  Author  = {Minh N. Do and Martin Vetterli},
  Journal = {IEEE Transactions on Image Processing},
  Pages   = {146-158},
  Title   = {Wavelet-Based Texture Retrieval Using Generalized Gaussian Density and Kullback-Leibler Distance},
  Volume  = {11},
  Year    = {2002}
}

@inproceedings{Florou:1996,
  Title     = {Color image processing using symbolic data analysis},
  Author    = {Giannoula Florou},
  Booktitle = {Applications of Digital Image Processing XIX, SPIE Proceedings},
  Address   = {Saratoga, USA},
  Editor    = {Andrew G. Tescher},
  Pages     = {252-260},
  Volume    = {2847},
  Year      = {1996}
}

@inbook{Gowda:2000,
  Title      = {Symbolic data analysis for image processing},
  Author     = {K. Chidananda Gowda. and P. Nagabhushanhan and H. N. Srikanta Prakash},
  Booktitle  = {Soft computing for image processing},
  Identifier = {02181200},
  Isbn       = {3-7908-1268-4},
  Pages      = {401-428},
  Publisher  = {Heidelberg: Physica-Verlag},
  Year       = {2000}
}

@inproceedings{DeCarvalho:1999,
	Address = {Universidade de Lisboa},
	Author = {Francisco A. T. de Carvalho and R. Verde and Y. Lechevallier},
	Booktitle = {Proceedings of the IX International Symposium on Applied Stochastic Models and Data analysis},
	Date-Added = {2011-08-02 19:07:29 +0000},
	Date-Modified = {2011-11-16 18:19:23 -0300},
	Pages = {237-243},
	Title = {A dynamical clustering of symbolic objects based on a context dependent proximity measure},
	Year = {1999}}

@article{Yang:2004,
  Author  = {M-S Yang and P-Y Hwang and D-H Chen},
  Journal = {Fuzzy Sets and Systems},
  Number  = {2},
  Pages   = {301-317},
  Title   = {Fuzzy clustering algorithms for mixed feature variables},
  Volume  = {141},
  Year    = {2004}
}

@article{Ismail:1998,
  Author  = {Y. El-Sonbaty and M. A. Ismail},
  Journal = {IEEE Transactions on Fuzzy Systems},
  Number  = {2},
  Pages   = {195-204},
  Title   = {Fuzzy clustering for symbolic data},
  Volume  = {6},
  Year    = {1998}
}

@inbook{Diday:1977,
  Author = {Edwin Diday and G. Govaert},
  Pages = {329--349},
  Title = {Classification automatique avec distances adaptatives. In: R.A.I.R.O. - Revue d'Automatique, d'Informatique et de Recherche Op{\'e}rationnelle - Informatique Computer Science},
  Year = {1977}
}

@article{Ralambondrainy:1995,
	Address = {New York, NY, USA},
	Author = {H. Ralambondrainy},
	Date-Added = {2011-07-25 14:07:09 +0000},
	Date-Modified = {2011-07-25 14:07:50 +0000},
	Issn = {0167-8655},
	Issue = {11},
	Journal = {Pattern Recognition Letters},
	Month = {November},
	Numpages = {11},
	Pages = {1147-1157},
	Publisher = {Elsevier Science Inc.},
	Title = {A conceptual version of the K-means algorithm},
	Volume = {16},
	Year = {1995}
}

@inbook{Brito:1989,
	Author = {Edwin Diday and Paula Brito},
	Date-Added = {2011-07-25 14:02:34 +0000},
	Date-Modified = {2011-07-25 14:04:58 +0000},
	Editor = {Otto Opitz},
	Pages = {45-84},
	Publisher = {Springer-Verlag},
	Title = {Symbolic Cluster Analysis},
	Year = {1989}}

@article{Ravi:1999,
  Author  = {T. V. Ravi and K. C. Gowda},
  Journal = {IEEE Transactions on Systems, Man, and Cybernetics, Part B: Cybernetics},
  Number  = {6},
  Pages   = {888-894},
  Title   = {Clustering of symbolic objects using gravitational approach},
  Volume  = {29},
  Year    = {1999}
}

@article{Chavent:1998,
  Author  = {Marie Chavent},
  Issn    = {0167-8655},
  Journal = {Pattern Recognition Letters},
  Number  = {11},
  Pages   = {989-996},
  Title   = {A monothetic clustering method},
  Volume  = {19},
  Year    = {1998}
}

@article{Bezdek:1995,
  Author  = {Nikhil R. Pal and James C. Bezdek},
  Journal = {IEEE Transactions on Fuzzy Systems},
  Month   = {August},
  Number  = {3},
  Pages   = {370-379},
  Title   = {On cluster validity for the fuzzy c-means model},
  Volume  = {3},
  Year    = {1995}
}

@book{Abonyi:2007,
  Author    = {Janos Abonyi and Balazs Feil},
  Publisher = {Birkhauser Basel},
  Title     = {Cluster Analysis for Data Mining and System Identification},
  Year      = {2007},
}

@book{Liu:2004,
  Author    = {Puyin Liu and Hongxing Li},
  Publisher = {World Scientific Press},
  Title     = {Fuzzy Neural Network Theory and Application},
  Year      = {2004}
}

@article{DeCarvalho:2009b,
  Author  = {Francisco A. T. de Carvalho and Y. Lechevallier},
  Journal = {IEEE Transactions on Systems, Man, and Cybernetics, Part A: Systems and Humans},
  Month   = {November},
  Pages   = {1295-1306},
  Title   = {Dynamic clustering of interval-valued data based on adaptive quadratic distances},
  Volume  = {39},
  Year    = {2009}
}

@article{Zadeh:1965,
	Author = {Lotfali Askar Zadeh},
	Date-Added = {2011-07-11 11:04:02 -0300},
	Date-Modified = {2011-07-11 11:04:51 -0300},
	Journal = {Information and Control},
	Pages = {338-353},
	Title = {Fuzzy sets},
	Volume = {8},
	Year = {1965}}

@inproceedings{Mokhtarian:1996b,
  Title     = {Efficient and Robust Retrieval by Shape Content through Curvature Scale Space},
  Author    = {Farzin Mokhtarian and Sadegh Abbasi and Josef Kittler},
  Booktitle = {International Workshop on Image Databases and Multimedia Search},
  Pages     = {35-42},
  Year      = {1996}
}

@inproceedings{Gustafson:1978,
	Author = {Donald E. Gustafson and William C. Kessel},
	Booktitle = {17th Symposium on Adaptive Processes},
	Date-Added = {2011-05-16 14:46:00 -0300},
	Date-Modified = {2011-05-16 14:47:48 -0300},
	Pages = {761-766},
	Title = {Fuzzy clustering with a fuzzy covariance matrix},
	Volume = {17},
	Year = {1978}}

@article{Bobou:1998,
	Author = {A. Bobou and F. Ribeyre},
	Date-Added = {2011-05-14 11:33:56 -0300},
	Date-Modified = {2011-05-14 11:35:43 -0300},
	Journal = {Metal Ions in Biological Systems},
	Number = {34},
	Pages = {289-319},
	Title = {Mercury in the food web: Accumulation and transfer mechanisms},
	Year = {1998}}

@article{Chavent:2003,
	Author = {Chavent, Marie and Francisco A. T. de Carvalho and Lechevallier, Yves and R. Verde},
	Date-Added = {2011-05-11 09:45:42 -0300},
	Date-Modified = {2011-05-11 09:47:42 -0300},
	Journal = {Revue de statistique appliqu{\'e}e},
	Number = {4},
	Pages = {5-29},
	Title = {Trois nouvelles m{\'e}thodes de classification automatique de donn{\'e}es symboliques de type intervalle},
	Volume = {51},
	Year = {2003}}

@inproceedings{Latecki:2000a,
  Author    = {Longin Jan Latecki and Rolf Lak{\"a}mper and Ulrich Eckhardt},
  Booktitle = {Proceedings. IEEE Conference on Computer Vision and Pattern Recognition},
  Pages     = {424-429},
  Title     = {Shape Descriptors for Non-rigid Shapes with a Single Closed Contour},
  Isbn      = {0-7695-0662-3},
  Volume    = {1},
  Year      = {2000}
}

@techreport{Jeannin:1999,
	Address = {Seoul},
	Author = {S. Jeannin and M. Bober},
	Date-Added = {2011-05-10 09:58:42 -0300},
	Date-Modified = {2011-05-10 10:01:44 -0300},
	Institution = {ISO/IEC JTC1/SC29/WG11/N2690},
	Month = {March},
	Title = {Description of CE for MPEG-7 Motion/Shape},
	Year = {1999}}

@book{Ma:2008,
Author    = {Zongmin Ma},
Title     = {Artificial Intelligence for Maximizing Content Based Image Retrieval},
Year      = {2008},
Publisher = {Information Science Reference - Imprint of: IGI Publishing},
Address   = {Hershey, PA},
Isbn      = {978-1605661742}
}

@book{Costa:2001,
  Title     = {Shape Analysis and Classification Theory and Practice},
  Author    = {Luciano da Fontoura Costa and Roberto Marcondes Cesar J{\'u}nior},
  Publisher = {CRC Press},
  Year      = {2001}
  Isbn      = {978-0849334931}
}

@book{Castelli:2002,
Author    = {Vittorio Castelli and Lawrence D. Bergman},
Title     = {Image Databases: Search and Retrieval of Digital Imagery},
Year      = {2002},
Isbn      = {0471321168},
Publisher = {John Wiley \& Sons, Inc.},
Address   = {New York, NY, USA}
}

@book{Romeny:2003,
  Title     = {Front-End Vision and Multi-Scale Image Analysis: Multi-Scale Computer Vision Theory and Applications, written in Mathematica},
  Author    = {Bart M. Haar Romeny},
  Editor    = {Max A. Viergever},
  Publisher = {Springer},
  Volume    = {27},
  Year      = {2003}
}

@proceedings{Sgallari:2007,
  Title     = {Scale Space and Variational Methods in Computer Vision},
  Editor    = {Fiorella Sgallari and Almerico Murli and Nikos Paragios},
  Address   = {Ischia, Italy},
  Publisher = {Springer},
  Series    = {Lecture Notes in Computer Science},
  Volume    = {4485},
  Year      = {2007}
}

@proceedings{Kuijper:2013,
  Editor    = {A. Kuijper and K. Bredies and T. Pock and H. Bischof},
  Address   = {Austria},
  Publisher = {Springer},
  Series    = {Lecture Notes in Computer Science},
  Title     = {Scale Space and Variational Methods in Computer Vision},
  Volume    = {7893},
  Year      = {2013}
}

@book{Cormen:2002,
  Address   = {New York, USA},
  Author    = {Thomas H. Cormen and Ronald L. Rivest and Charles E. Leiserson},
  Publisher = {The MIT Press},
  Title     = {Introduction to Algorithms},
  Year      = {2001}
}

@inbook{DeCarvalho:1998b,
  Address   = {Heidelberg, Germany},
  Author    = {Francisco A. T. de Carvalho and Renata M. C. R de Souza},
  Editor    = {A. Rizzi and M. Vichi and Hans-Hermann Bock},
  Pages     = {391-396},
  Publisher = {Springer-Verlag},
  Title     = {Statistical proximity functions of Boolean symbolic objects based on histograms. In: Advances in Data Science and Classification},
  Year      = {1998}
}

@inproceedings{DeCarvalho:1998a,
  Address   = {Luxembourg},
  Author    = {Francisco A. T. de Carvalho and Renata M. C. R de Souza},
  Booktitle = {Studies and Reserach: Proceedings of the Conference on Knowledge Extraction and Symbolic Data Analysis},
  Pages     = {175-187},
  Title     = {New metrics for Constrained Boolean Symbolic Objects},
  Year      = {1998}
}

@inbook{DeCarvalho:1998,
  Address   = {Tokyo, Japan,},
  Author    = {Francisco A. T. de Carvalho},
  Editor    = {C. Hayashi and N. Ohsumi and K. Yajima and Y. Tanaka and Hans-Hermann Bock and Y. Baba},
  Pages     = {370-378},
  Publisher = {Springer-Verlag},
  Title     = {Extension based proximities between constrained boolean symbolic objects. In: Data Sicence, Classification and Related Methods},
  Year      = {1998}
}

@incollection{Silvia:2006,
  Author    = {Fabio Silva and Francisco A. T. de Carvalho and Renata Souza and Joyce Silva},
  Booktitle = {Neural Information Processing},
  Editor    = {King, Irwin and Wang, Jun and Chan, Lai-Wan and Wang, DeLiang},
  Pages     = {50-59},
  Publisher = {Springer Berlin / Heidelberg},
  Series    = {Lecture Notes in Computer Science},
  Title     = {A Modal Symbolic Classifier for Interval Data},
  Volume    = {4233},
  Year      = {2006}
}

@article{Bezerra:2004,
  Author  = {Byron L. D. Bezerra and Francisco A. T. de Carvalho},
  Journal = {Information Processing Letters},
  Pages   = {45-52},
  Title   = {A Symbolic Approach for Content-Based Information Filtering},
  Volume  = {92},
  Year    = {2004}
}

@article{Prudencio:2004,
	Author = {Ricardo B. C. Prud{\^e}ncio and Francisco A. T. de Carvalho and Teresa B. Ludermir},
	Date-Added = {2011-04-11 15:11:54 -0300},
	Date-Modified = {2011-04-11 15:14:04 -0300},
	Journal = {Pattern Recognition Letters},
	Pages = {911-921},
	Title = {A Modal Symbolic Classifier for Selecting Time Series Models},
	Volume = {25},
	Year = {2004}}

@article{Rossi:2002,
	Author = {Fabrice Rossi and Brieuc Conan-guez},
	Date-Added = {2011-04-11 15:07:44 -0300},
	Date-Modified = {2011-04-11 15:10:17 -0300},
	Journal = {Classification, Clustering, and Data Analysis (IFCS)},
	Pages = {427-434},
	Title = {Multi-layer Perceptron on Interval Data},
	Volume = {2002},
	Year = {2002}}

@inbook{Ciampi:1996,
	Address = {Berlin, Germany},
	Author = {A. Ciampi and Edwin Diday and J. Lebbe and E. P{\'e}rinel and R. Vignes},
	Date-Added = {2011-04-11 15:03:52 -0300},
	Date-Modified = {2011-04-11 15:06:00 -0300},
	Editor = {Edwin Diday and Y. Lechevallier},
	Pages = {201-212},
	Publisher = {Springer-Verlag},
	Title = {Recursive partitioning with probabilistically imprecise data. In: Ordinal and Symbolic Data analysis},
	Year = {1996}}

@incollection{DOliveira:2004,
	Author = {Simith D'Oliveira Junior and Francisco A. T. de Carvalho and R. M. C. R de Souza},
	Booktitle = {Neural Information Processing},
	Date-Added = {2011-04-11 15:00:35 -0300},
	Date-Modified = {2011-04-11 15:02:18 -0300},
	Editor = {Pal, Nikhil and Kasabov, Nik and Mudi, Rajani and Pal, Srimanta and Parui, Swapan},
	Pages = {769-774},
	Publisher = {Springer Berlin / Heidelberg},
	Series = {Lecture Notes in Computer Science},
	Title = {Classification of SAR Images Through a Convex Hull Region Oriented Approach},
	Volume = {3316},
	Year = {2004},
	Bdsk-Url-1 = {http://dx.doi.org/10.1007/978-3-540-30499-9_118}}

@inproceedings{Souza:1999,
	Address = {Hamburgo, Germany},
	Author = {R. M. C. R de Souza and Francisco A. T. de Carvalho and A. C. Frery},
	Booktitle = {IEEE International Geoscience and Remote Sensing Symposium},
	Date-Added = {2011-04-11 14:55:52 -0300},
	Date-Modified = {2011-04-11 14:58:29 -0300},
	Pages = {1318 --1320},
	Title = {Symbolic approach to SAR image classification},
	Year = {1999}}

@inbook{Ichino:1995,
	Author = {M. Ichino and H. Yaguchi and Edwin Diday},
	Date-Added = {2011-04-11 14:50:31 -0300},
	Date-Modified = {2011-04-11 14:53:16 -0300},
	Editor = {Edwin Diday and Y. Lechevallier and O. Opitz},
	Pages = {92-102},
	Publisher = {Springer},
	Title = {A fuzzy symbolic pattern classifier. In: Ordinal and Symbolic Data Analysis},
	Year = {1995}}

@article{Souza:2004b,
	Author = {Renata M. C. R de Souza and Francisco A. T. de Carvalho},
	Date-Added = {2011-04-11 14:41:39 -0300},
	Date-Modified = {2011-04-11 14:43:06 -0300},
	Journal = {Electronics Letters},
	Number = {11},
	Pages = {658-660},
	Title = {Dynamic Clustering of Interval Data Based on Adaptive Chebyshev Distances},
	Volume = {40},
	Year = {2004}}

@inproceedings{Billard:2002,
	Address = {Poland},
	Author = {L. Billard and Edwin Diday},
	Booktitle = {Proceedings of the Eighenth Conference of the International Federation of Classification Societies},
	Date-Added = {2011-04-11 14:28:45 -0300},
	Date-Modified = {2011-04-11 14:30:00 -0300},
	Pages = {281--288},
	Publisher = {Springer},
	Title = {Symbolic Regression Analysis},
	Year = {2002}}

@inbook{Diday:1987,
	Author = {Edwin Diday},
	Date-Added = {2011-04-11 14:04:14 -0300},
	Date-Modified = {2011-04-11 14:06:29 -0300},
	Editor = {Hans-Hermann Bock},
	Publisher = {North-Holland},
	Title = {The symbolic approach in clustering and related methods of data analysis. In: Classification and Related Methods of Data Analysis},
	Year = {1987}}

@book{Sneath:1973,
	Author = {P.H.A. Sneath and R.R. Sokal},
	Date-Added = {2011-04-11 14:00:17 -0300},
	Date-Modified = {2011-04-11 14:00:48 -0300},
	Publisher = {Freeman},
	Title = {Numerical Taxonomy. The Principles and Practice of Numerical Classification},
	Year = {1973}}

@book{Sowa:1984,
	Address = {Boston, MA, USA},
	Author = {J. F. Sowa},
	Date-Added = {2011-04-11 13:56:53 -0300},
	Date-Modified = {2011-04-11 13:58:25 -0300},
	Publisher = {Addison-Wesley Longman Publishing},
	Title = {Conceptual Structures: Information Processing in Mind and Machine},
	Year = {1984}}

@book{Russell:2003,
	Author = {Stuart J. Russell and Peter Norvig},
	Date-Added = {2011-04-11 13:51:55 -0300},
	Date-Modified = {2011-04-11 13:52:40 -0300},
	Isbn = {0137903952},
	Publisher = {Pearson Education},
	Title = {Artificial Intelligence: A Modern Approach},
	Year = {2003},
	Bdsk-Url-1 = {http://portal.acm.org/citation.cfm?id=773294}}

@article{Hayes-Roth:1978,
	Address = {New York, NY, USA},
	Author = {Frederick Hayes-Roth and John McDermott},
	Date-Added = {2011-04-11 13:46:22 -0300},
	Date-Modified = {2011-04-11 13:47:23 -0300},
	Issn = {0001-0782},
	Issue = {5},
	Journal = {Commun. ACM},
	Numpages = {11},
	Pages = {401-411},
	Publisher = {ACM},
	Title = {An interference matching technique for inducing abstractions},
	Volume = {21},
	Year = {1978},
	Bdsk-Url-1 = {http://doi.acm.org/10.1145/359488.359503}}

@inproceedings{Michalski:1973,
	Address = {Washington, DC, EUA},
	Author = {Ryszard S. Michalski},
	Booktitle = {Proceedings of the First International Joint Conference on Pattern Recognition},
	Date-Added = {2011-04-11 13:43:06 -0300},
	Date-Modified = {2011-04-11 13:44:40 -0300},
	Pages = {3-17},
	Title = {Computer Implementation of a Variable-Valued Logic System VL1 and Examples of its Application to Pattern Recognition},
	Year = {1973}}

@book{Warwick:1984,
	Address = {New York, NY, USA},
	Author = {Kenneth M. Warwick and Alain Morineau},
	Date-Added = {2011-04-11 13:40:10 -0300},
	Date-Modified = {2011-04-11 13:41:09 -0300},
	Publisher = {John Wiley \& Sons, Inc.},
	Title = {Multivariate Descriptive Statistical Analysis},
	Year = {1984}}

@book{Saporta:1990,
	Address = {Paris},
	Author = {Saporta, G.},
	Date-Added = {2011-04-11 13:37:59 -0300},
	Date-Modified = {2011-04-11 13:38:24 -0300},
	Publisher = {Technip},
	Title = {Probabilit\'{e}s: analyse des donn\'{e}es et statistique},
	Year = {1990}}

@book{Diday:1982,
	Address = {Paris},
	Author = {Edwin Diday},
	Date-Added = {2011-04-11 13:34:02 -0300},
	Date-Modified = {2011-04-11 13:35:18 -0300},
	Publisher = {Dunod},
	Title = {El{\'e}ments d'analyse des donn{\'e}es},
	Year = {1982}}

@book{Bock:1978,
	Author = {Hans Hermann Bock},
	Date-Added = {2011-04-11 13:27:11 -0300},
	Date-Modified = {2011-04-11 13:31:19 -0300},
	Publisher = {Vandenhoeck und Ruprecht},
	Title = {Automatische Klassifikation},
	Year = {1974},
	Bdsk-Url-1 = {http://dx.doi.org/10.1002/bimj.4710200111}}

@book{Tukey:1977,
  Author    = {John W. Tukey},
  Publisher = {Addison-Wesley},
  Title     = {Exploratory Data Analysis},
  Year      = {1977}
}

@inproceedings{Felzenszwalb:2007,
  Author    = {Pedro F. Felzenszwalb and Joshua D. Schwartz},
  Booktitle = {In Proceedings of CVPR},
  Pages     = {1-8},
  Title     = {Hierarchical Matching of Deformable Shapes},
  Year      = {2007}
}

@article{Alajlan:2008,
	Author = {Naif Alajlan and Mohamed S. Kamel},
	Date-Added = {2011-04-07 11:56:39 -0300},
	Date-Modified = {2011-04-07 11:57:36 -0300},
	Journal = {IEEE Transactions on Pattern Analysis and Machine Intelligence},
	Number = {6},
	Pages = {1003-1013},
	Title = {Geometry-Based Image Retrieval in Binary Image Databases},
	Volume = {30},
	Year = {2008}}

@article{McNeill:2006,
	Address = {Los Alamitos, CA, USA},
	Author = {Graham McNeill and Sethu Vijayakumar},
	Date-Added = {2011-04-07 11:52:59 -0300},
	Date-Modified = {2011-04-07 11:53:26 -0300},
	Issn = {1063-6919},
	Journal = {Computer Vision and Pattern Recognition, IEEE Computer Society Conference on},
	Pages = {885-894},
	Publisher = {IEEE Computer Society},
	Title = {Hierarchical Procrustes Matching for Shape Retrieval},
	Volume = {1},
	Year = {2006},
	Bdsk-Url-1 = {http://doi.ieeecomputersociety.org/10.1109/CVPR.2006.133}}

@article{Daliri:2008,
	Author = {Mohammad Reza Daliri and Vincent Torre},
	Date-Added = {2011-04-07 11:50:35 -0300},
	Date-Modified = {2012-11-21 11:05:45 -0300},
	Issn = {0031-3203},
	Journal = {Pattern Recognition},
	Number = {5},
	Pages = {1782-1798},
	Title = {Robust symbolic representation for shape recognition and retrieval},
	Volume = {41},
	Year = {2008}}

@article{Ling:2007,
  Title     = {Shape Classification Using the Inner-Distance},
  Author    = {Haibin Ling and David W. Jacobs},
  Journal   = {IEEE Transactions on Pattern Analysis and Machine Intelligence},
  Number    = {2},
  Pages     = {286-299}, 
  Volume    = {29},
  Year      = {2007},
  Issn      = {0162-8828},
  Publisher = {IEEE Computer Society},
  Address   = {Washington, DC, USA}
}

@article{Super:2006,
	Author = {Boaz J. Super},
	Date-Added = {2011-04-07 11:44:37 -0300},
	Date-Modified = {2011-04-07 11:45:30 -0300},
	Journal = {IJPRAI},
	Number = {8},
	Pages = {1117-1138},
	Title = {Retrieval from Shape Databases Using Chance Probability Functions and Fixed Correspondence},
	Volume = {20},
	Year = {2006}}

@inproceedings{Peter:2008,
	Author = {Adrian Peter, Anand Ranganranjan, and Jeffrey Ho},
	Booktitle = {Proceedings of IEEE Conference on Computer Vision and Pattern Recognition},
	Date-Added = {2011-04-07 11:38:26 -0300},
	Date-Modified = {2011-04-07 11:40:47 -0300},
	Title = {Shape L'{\^A}ne Rouge: SlidingWavelets for Indexing and Retrieval},
	Year = {2008}}

@article{Adamek:2004,
  Title   = {A multiscale representation method for nonrigid shapes with a single closed contour},
  Author  = {Tomasz Adamek and Noel E. O'Connor},
  Journal = {IEEE Transactions on Circuits and Systems for Video Technology},
  Number  = {5},
  Pages   = {742-753},
  Volume  = {14},
  Year    = {2004}
}

@article{Attalla:2005,
  Acmid     = {1746647},
  Address   = {New York, NY, USA},
  Author    = {Attalla, Emad and Siy, Pepe},
  Issn      = {0031-3203},
  Issue     = {12},
  Journal   = {Pattern Recogn.},
  Numpages  = {13},
  Pages     = {2229-2241},
  Publisher = {Elsevier Science Inc.},
  Title     = {Robust shape similarity retrieval based on contour segmentation polygonal multiresolution and elastic matching},
  Volume    = {38},
  Year      = {2005}
}

@book{Mokhtarian:2003,
  Address   = {Norwell, MA, USA},
  Author    = {Mokhtarian, Farzin and Bober, Miroslav},
  Publisher = {Kluwer Academic Publishers},
  Title     = {Curvature Scale Space Representation: Theory, Applications, and MPEG-7 Standardization},
  Year      = {2003}
}

@incollection{Tu:2004,
  Affiliation = {Departments of Statistics, University of California, Los Angeles, 90095 USA USA},
  Author      = {Tu, Zhuowen and Yuille, Alan},
  Booktitle   = {Computer Vision - ECCV 2004},
  Editor      = {Pajdla, Tom{\'a}s and Matas, Jir{\'\i}},
  Pages       = {195-209},
  Publisher   = {Springer Berlin / Heidelberg},
  Series      = {Lecture Notes in Computer Science},
  Title       = {Shape Matching and Recognition -- Using Generative Models and Informative Features},
  Volume      = {3023},
  Year        = {2004}
}

@article{Xie:2008,
	Acmid = {1343160},
	Address = {New York, NY, USA},
	Author = {Xie, Jun and Heng, Pheng-Ann and Shah, Mubarak},
	Date-Added = {2011-04-07 11:19:10 -0300},
	Date-Modified = {2011-04-07 11:19:41 -0300},
	Issn = {0031-3203},
	Issue = {5},
	Journal = {Pattern Recogn.},
	Keywords = {Optimal matching, Saliency structure, Shape matching, Shape modeling, Shape skeleton},
	Numpages = {12},
	Pages = {1756-1767},
	Publisher = {Elsevier Science Inc.},
	Title = {Shape matching and modeling using skeletal context},
	Volume = {41},
	Year = {2008},
	Bdsk-Url-1 = {http://portal.acm.org/citation.cfm?id=1340786.1343160},
	Bdsk-Url-2 = {http://dx.doi.org/10.1016/j.patcog.2007.11.005}}

@inproceedings{Super:2004,
  Title     = {Learning Chance Probability Functions for Shape Retrieval or Classification},
  Author    = {Boaz J. Super},
  Booktitle = {Proceedings of the 2004 Conference on Computer Vision and Pattern Recognition Workshop},
  Series    = {CVPRW '04},
  Year      = {2004},
  Isbn      = {0-7695-2158-4},
  Publisher = {IEEE Computer Society}	
}

@inproceedings{McNeill:2005,
  Author    = {Graham McNeill and Sethu Vijayakumar},
  Booktitle = {IJCAI},
  Pages     = {1483-1488},
  Title     = {2D Shape Classification and Retrieval},
  Year      = {2005}
}

@article{Grigorescu:2003,
	Author = {Grigorescu, C. and Petkov, N.},
	Date-Added = {2011-04-06 16:23:52 -0300},
	Date-Modified = {2011-04-06 16:24:45 -0300},
	Journal = {IEEE Transactions on Image Processing},
	Number = {10},
	Pages = {1274-1286},
	Title = {Distance sets for shape filters and shape recognition},
	Volume = {12},
	Year = {2003}}

@article{Sebastian:2003,
	Author = {Sebastian, T.B. and Klein, P.N. and Kimia, B.B.},
	Date-Added = {2011-04-06 16:21:35 -0300},
	Date-Modified = {2011-04-06 16:22:18 -0300},
	Journal = {IEEE Transactions on Pattern Analysis and Machine Intelligence},
	Number = {1},
	Pages = {116-125},
	Title = {On aligning curves},
	Volume = {25},
	Year = {2003}}

@article{Belongie:2001,
	Author = {Serge Belongie and Jitendra Malik and Jan Puzicha},
	Date-Added = {2011-04-06 16:18:56 -0300},
	Date-Modified = {2011-04-06 16:19:40 -0300},
	Journal = {IEEE Transactions on Pattern Analysis and Machine Intelligence},
	Pages = {509-522},
	Title = {Shape Matching and Object Recognition Using Shape Contexts},
	Volume = {24},
	Year = {2001}}

@article{Latecki:2002,
	Author = {Longin Jan Latecki and Rolf Lak{\"a}mper},
	Date-Added = {2011-04-06 16:17:05 -0300},
	Date-Modified = {2011-04-06 16:17:56 -0300},
	Journal = {Pattern Recognition},
	Pages = {15-29},
	Title = {Application of Planar Shape Comparison to Object Retrieval in Image Databases},
	Volume = {35},
	Year = {2002}}

@article{Latecki:2000,
	Author = {Latecki, L.J. and Lakamper, R.},
	Date-Added = {2011-04-06 16:13:45 -0300},
	Date-Modified = {2011-04-06 16:14:38 -0300},
	Journal = {IEEE Transactions on Pattern Analysis and Machine Intelligence},
	Number = {10},
	Pages = {1185-1190},
	Title = {Shape similarity measure based on correspondence of visual parts},
	Volume = {22},
	Year = {2000}}

@article{Khotanzad:1990,
	Author = {Khotanzad, A. and Hong, Y.H.},
	Date-Added = {2011-04-06 16:09:08 -0300},
	Date-Modified = {2011-04-06 16:10:18 -0300},
	Journal = {IEEE Transactions on Pattern Analysis and Machine Intelligence},
	Number = {5},
	Pages = {489-497},
	Title = {Invariant image recognition by Zernike moments},
	Volume = {12},
	Year = {1990}}

@article{Chuang:1996,
	Author = {Chuang, G.C.-H. and Kuo, C.-C.J.},
	Date-Added = {2011-04-06 16:05:42 -0300},
	Date-Modified = {2011-04-06 16:06:46 -0300},
	Journal = {IEEE Transactions on Image Processing},
	Number = {1},
	Pages = {56-70},
	Title = {Wavelet descriptor of planar curves: theory and applications},
	Volume = {5},
	Year = {1996}}

@misc{Lin:1997,
  Author = {I-jong Lin and S. Y. Kung},
  Title  = {Coding and Comparison of DAGs as a Novel Neural Structure with Applications to On-Line Handwriting Recognition},
  Year   = {1997}
}

@article{Zhang:2003,
	Affiliation = {Gippsland School of Computing and Information Technology Monash University 3842 Churchill, Victoria Australia},
	Author = {Zhang, Dengsheng and Lu, Guojun},
	Date-Added = {2011-04-06 15:24:53 -0300},
	Date-Modified = {2011-04-07 10:21:43 -0300},
	Issn = {0942-4962},
	Issue = {1},
	Journal = {Multimedia Systems},
	Keyword = {Computer Science},
	Note = {10.1007/s00530-002-0075-y},
	Pages = {15-30},
	Publisher = {Springer Berlin / Heidelberg},
	Title = {Evaluation of MPEG-7 shape descriptors against other shape descriptors},
	Volume = {9},
	Year = {2003},
	Bdsk-Url-1 = {http://dx.doi.org/10.1007/s00530-002-0075-y}}

@inproceedings{Zhang:2002,
	Author = {Dengsheng Zhang and Guojun Lu},
	Booktitle = {Proc. of 5th Asian Conference on Computer Vision (ACCV)},
	Date-Added = {2011-04-06 15:21:47 -0300},
	Date-Modified = {2011-04-06 15:22:57 -0300},
	Pages = {646--651},
	Publisher = {Springer},
	Title = {A comparative Study of Fourier Descriptors for Shape Representation and Retrieval},
	Year = {2002}}

@inproceedings{Mokhtarian:1996,
  Title     = {Indexing an image database by shape content using curvature scale space},
  Author    = {Mokhtarian, F. and Abbasi, S. and Kittler, J.},
  Booktitle = {IEE Colloquium on Intelligent Image Databases},
  Pages     = {4/1 -4/6},
  Year      = {1996}
}

@mastersthesis{Andalo:2007,
  Address = {Campinas, SP, Brazil},
  Author  = {Fernanda A. Andal\'{o}},
  School  = {Instituto de Computa\c{c}\~{a}o, Unicamp},
  Title   = {Descritores de forma baseados em tensor scale},
  Year    = {2007}
}

@article{Kim:2000,
	Author = {Whoi-Yul Kim and Yong-Sung Kim},
	Date-Added = {2011-04-06 14:56:16 -0300},
	Date-Modified = {2011-04-07 10:21:26 -0300},
	Issn = {0923-5965},
	Journal = {Signal Processing: Image Communication},
	Number = {1-2},
	Pages = {95-102},
	Title = {A region-based shape descriptor using Zernike moments},
	Volume = {16},
	Year = {2000},
	Bdsk-Url-1 = {http://www.sciencedirect.com/science/article/B6V08-4106FSF-8/2/2d30259df9562677856ab6a4c70fdd2e},
	Bdsk-Url-2 = {http://dx.doi.org/10.1016/S0923-5965(00)00019-9}}

@article{Alajlan:2006,
	Author = {Naif Alajlan and Mohamed S. Kamel and George Freeman},
	Date-Added = {2011-04-06 14:44:15 -0300},
	Date-Modified = {2011-04-07 10:20:35 -0300},
	Issn = {0923-5965},
	Journal = {Signal Processing: Image Communication},
	Number = {10},
	Pages = {904-918},
	Title = {Multi-object image retrieval based on shape and topology},
	Volume = {21},
	Year = {2006},
	Bdsk-Url-1 = {http://www.sciencedirect.com/science/article/B6V08-4M4KJ0M-1/2/51a2682eecb6b51e53b31c2bb606c5eb},
	Bdsk-Url-2 = {http://dx.doi.org/10.1016/j.image.2006.09.002}}

@article{Coelho:2004,
Author  = {Tatiana Almeida Souza Coelho and P\'{a}vel Pereira Calado and Lamarque Vieira Souza and Berthier Ribeiro-Neto and Richard Muntz},
Journal = {IEEE Transactions on Knowledge and Data Engineering},
Number  = {4},
Pages   = {408-417},
Title   = {Image retrieval using multiple evidence ranking},
Volume  = {16},
Year    = {2004},
Issn    = {1041-4347}
}

@book{Berry:2005,
	Address = {Philadelphia},
	Author = {Michael W. Berry and Murray Browne},
	Date-Added = {2011-04-05 11:07:37 -0300},
	Date-Modified = {2011-04-05 11:10:37 -0300},
	Editor = {Jack J. Dongarra},
	Publisher = {Society for Industrial and Applied Mathematic Philadelphia},
	Title = {Understanding Search Engines},
	Year = {2005}}

@book{Manning:2008,
	Address = {32 Avenue of the Americas, New York, NY 10013-2473, USA},
	Author = {Christopher D. Manning and Prabhakar Raghavan and Hinrich Schutze},
	Date-Added = {2011-04-05 11:00:56 -0300},
	Date-Modified = {2011-04-05 11:04:39 -0300},
	Publisher = {Cambridge University Press},
	Title = {Introduction to Information Retrieval},
	Year = {2008}}

@conference{deAlmeida:2010,
  Author    = {Carlos Wilson Dantas de Almeida and Renata Maria C. R. de Souza and Ana L. B. Candeiras},
  Booktitle = {IEEE International Conference on Systems, Man, and Cybernetics},
  Title     = {Texture classification based on co-occurrence matrix and self-organizing map},
  Year      = {2010}
}

@article{Ichino:1994,
	Author = {Manabu Ichino and Hiroyuki Yaguchi},
	Date-Added = {2010-04-12 10:28:44 -0300},
	Date-Modified = {2011-04-11 15:22:40 -0300},
	Journal = {IEEE Transactions on Systems, Man, and Cybernetics},
	Number = {4},
	Pages = {698-708},
	Title = {Generalized Minkowski metrics for mixed feature-type data analysis},
	Volume = {24},
	Year = {1994}}

@article{Gowda:1991,
  Title     = {Symbolic clustering using a new dissimilarity measure},
  Author    = {K. Chidananda Gowda and E. Diday},
  Journal   = {Pattern Recognition},
  Address   = {New York, USA},
  Issn      = {0031-3203},
  Number    = {6},
  Pages     = {567-578},
  Publisher = {Elsevier Science Inc.},
  Volume    = {24},
  Year      = {1991}
}

@article{DeCarvalho:2006b,
	Address = {Hingham, USA},
	Author = {Carvalho, Francisco De and Brito, Paula and Bock, Hans-Hermann},
	Date-Added = {2010-04-12 10:20:51 -0300},
	Date-Modified = {2011-04-11 14:47:16 -0300},
	Issn = {0943-4062},
	Journal = {Comput. Stat.},
	Number = {2},
	Pages = {231-250},
	Publisher = {Kluwer Academic Publishers},
	Title = {Dynamic clustering for interval data based on L2 distance},
	Volume = {21},
	Year = {2006},
	Bdsk-Url-1 = {http://dx.doi.org/10.1007/s00180-006-0261-z}}

@article{DeCarvalho:2006a,
  Address   = {New York, USA},
  Author    = {Francisco de A. T. de Carvalho and Renata M. C. R de Souza and Marie Chavent and Yves Lechevallier},
  Issn      = {0167-8655},
  Journal   = {Pattern Recognition Letters},
  Number    = {3},
  Pages     = {167-179},
  Publisher = {Elsevier Science Inc.},
  Title     = {Adaptive Hausdorff distances and dynamic clustering of symbolic interval data},
  Volume    = {27},
  Year      = {2006}
}

@inproceedings{Verde:2001,
	Address = {Munich, Germany},
	Author = {V. Verde and Francisco A. T. de Carvalho and Y. Lechevallier},
	Booktitle = {25th Annual Conference of the German Classification Society},
	Date-Added = {2010-04-12 10:09:49 -0300},
	Date-Modified = {2011-04-11 14:34:39 -0300},
	Pages = {59-71},
	Title = {A Dynamical Clustering Algorithm for Symbolic Data},
	Volume = {Tutorial on Symbolic Data Analysis},
	Year = {2001}}

@inbook{Gordon:2000,
  Address   = {Berlin},
  Author    = {A. D. Gordon},
  Editor    = {W. Gaul and O. Opitz and M. Schader},
  Pages     = {17-23},
  Publisher = {Springer-Verlag},
  Title     = {An Iteractive Relocation Algorithm for Classifying Symbolic Data},
  Year      = {2000}
}

@inproceedings{Billard:2000,
  Title     = {Regression Analysis for Interval-Valued Data},
  Author    = {L. Billard and Edwin Diday},
  Booktitle = {Proceedings of the Seventh Conference of the International Federation of Classification Societies, IFCS'00},
  Pages     = {369-374},
  Publisher = {Springer-Verlag},
  Year      = {2000}
}

@inbook{Bertrand:2000,
  Title     = {Descriptive Statistics for Symbolic Data. In: Analysis of Symbolic Data: Exploratory Methods for Extracting Statistical Information from Complex Data.},
  Author    = {P. Bertrand and F. Goupil},
  Editor    = {Hans-Hermann Bock and Edwin Diday},
  Pages     = {106-124},
  Publisher = {Springer Verlag},
  Year      = {2000}
}

@article{DeCarvalho:1995,
  Title = {Histograms in Symbolic Data Analysis},
 Author = {Francisco A. T. de Carvalho},
Journal = {Annals of Operations Research},
Number = {2},
Pages = {299-322},
Volume = {55},
Year = {1995}
}

@inbook{DeCarvalho:1994,
	Author = {Francisco A. T. de Carvalho},
	Date-Added = {2010-04-12 09:27:27 -0300},
	Date-Modified = {2012-01-26 11:29:53 -0300},
	Editor = {Diday, E., Lechevallier, Y., Schader, M., Bertrand, P. and Burtschy, B},
	Pages = {387-394},
	Publisher = {Springer-Verlag},
	Title = {Proximity coefficients between Boolean symbolic objects},
	Year = {1994}}

@article{Appice:2006,
	Address = {Amsterdam, The Netherlands, The Netherlands},
	Author = {Appice, Annalisa and D'Amato, Claudia and Esposito, Floriana and Malerba, Donato},
	Date-Added = {2010-04-12 07:56:27 -0300},
	Date-Modified = {2011-04-07 10:19:59 -0300},
	Issn = {1088-467X},
	Journal = {Intell. Data Anal.},
	Number = {4},
	Pages = {301-324},
	Publisher = {IOS Press},
	Title = {Classification of symbolic objects: A lazy learning approach},
	Volume = {10},
	Year = {2006}}

@article{Hastie:1996,
	Author = {Hastie, T. e Tibshirani, R.},
	Date-Added = {2010-04-12 07:52:18 -0300},
	Date-Modified = {2010-04-12 07:53:31 -0300},
	Journal = {IEEE Pattern Recognition and Machine Intelligence},
	Pages = {607-616},
	Title = {Discriminant adaptive nearest-neighbor classiffication},
	Volume = {18},
	Year = {1996}}

@article{Conan-Guez:2006,
  Title     = {Fast Algorithm and Implementation of Dissimilarity Self-Organizing Maps},
  Author    = {Brieuc Conan-Guez and Fabrice Rossi and A\"{\i}cha El Golli},
  Address   = {Oxford, UK},
  Issn      = {0893-6080},
  Journal   = {Neural Networks},
  Number    = {6},
  Pages     = {855-863},
  Volume    = {19},
  Publisher = {Elsevier Science Ltd.},
  Year      = {2006}
 }

@inproceedings{deAlmeida:2008,
  Author    = {Carlos Wilson Dantas de Almeida and Renata M. C. R. de Souza and Nicomedes L. Cavalcanti Junior},
  Booktitle = {International Joint Conference on Neural Networks (IJCNN)},
  Pages     = {2756-2760},
  Title     = {Image retrieval using the curvature scale space (CSS) descriptor and the self-organizing map (SOM) model under scale invariance},
  Year      = {2008}
}

@inproceedings{deAlmeida:2007b,
  Author    = {Carlos Wilson Dantas de Almeida and Renata M. C. R. de Souza and Carlos E. B. Rodrigues and Nicomedes L. Cavalcanti Junior},
  Booktitle = {International Conference on Hybrid Intelligent Systems},
  Pages     = {210-215},
  Title     = {Image Retrieval Using the Curvature Scale Space (CSS) Technique and the Self-Organizing Map (SOM) Model under Affine Transforms},
  Year      = {2007}
}

@inproceedings{deAlmeida:2007a,
	Author = {Carlos Wilson Dantas de Almeida and Renata M. C. R. de Souza and Carlos E. B. Rodrigues and Nicomedes L. Cavalcanti Junior},
	Booktitle = {ICDIM},
	Date-Added = {2010-04-10 14:37:19 -0300},
	Date-Modified = {2011-04-07 10:18:48 -0300},
	Pages = {357-361},
	Title = {Image retrieval using the curvature scale space (CSS) technique and the self-organizing map (SOM) model under rotation},
	Year = {2007}}

@inproceedings{deAlmeida:2006,
  Author    = {Carlos Wilson Dantas de Almeida and Renata M. C. R. de Souza and Nicomedes L. Cavalcanti Junior},
  Booktitle = {International Conference on Hybrid Intelligent Systems},
  Pages     = {25},
  Title     = {A Shape-Based Image Retrieval System Using the Curvature Scale Space (CSS) Technique and the Self-Organizing Map (SOM) Model},
  Year      = {2006}
}

@inproceedings{Poel:2006,
  Author    = {JanKees van der Poel and Leonardo Vidal Batista and Carlos Wilson Dantas de Almeida},
  Booktitle = {International Conference on Computer Vision Theory and Applications},
  Pages     = {401-406},
  Title     = {A new multiscale, curvature-based shape representation technique for content-based image retrieval},
  Year      = {2006}
}

@article{Mokhtarian:1992,
  Title   = {A Theory of Multiscale, Curvature-Based Shape Representation for Planar Curves},
  Author  = {Farzin Mokhtarian and A. K. Mackworth},
  Journal = {IEEE Transactions on Pattern Analysis and Machine Intelligence},
  Number  = {8},
  Pages   = {789-805},  
  Volume  = {14},
  Year    = {1992}
}

@article{Mokhtarian:1995,
	Author = {Mokhtarian, F.},
	Date-Added = {2010-04-10 14:21:27 -0300},
	Date-Modified = {2010-04-10 14:21:27 -0300},
	Journal = {IEEE Transactions on Pattern Analysis and Machine Intelligence},
	Number = {5},
	Owner = {Carlos},
	Pages = {539--544},
	Review = {Artigo sobre CSS de 1995},
	Timestamp = {2007.12.04},
	Title = {Silhouette-Based Isolated Object Recognition through Curvature Scale Space},
	Volume = {17},
	Year = {1995}}

@inproceedings{Mokhtarian:1999,
	Address = {London, UK},
	Author = {Abbasi, S. and Mokhtarian, F.},
	Booktitle = {SCALE-SPACE '99: Proceedings of the Second International Conference on Scale-Space Theories in Computer Vision},
	Date-Added = {2010-04-10 14:21:27 -0300},
	Date-Modified = {2010-04-10 14:21:27 -0300},
	Owner = {Carlos},
	Pages = {435-440},
	Publisher = {Springer-Verlag},
	Review = {CSS com transformacao afim (artigo original)},
	Timestamp = {2007.12.04},
	Title = {Curvature Scale Space with Affine Length Parametrisation},
	Year = {1999}}

@article{Mokhtarian:2001,
	Author = {Mokhtarian, F. and Abbasi, S.},
	Date-Added = {2010-04-10 14:21:27 -0300},
	Date-Modified = {2010-04-10 14:21:27 -0300},
	Journal = {Pattern Analysis \& Applications},
	Number = {1},
	Owner = {Carlos},
	Pages = {1-8},
	Review = {CSS com transformacao afim 2001},
	Timestamp = {2007.12.04},
	Title = {Affine Curvature Scale Space with Affine Length Parametrisation},
	Volume = {4},
	Year = {2001}}

@article{Mokhtarian:2002,
  Title   = {Shape similarity retrieval under affine transforms},
  Author  = {Farzin Mokhtarian and Sadegh Abbasi},
  Journal = {Pattern Recognition},
  Number  = {1},
  Pages   = {31-41},  
  Volume  = {35},
  Year    = {2002}
}

@article{Abbasi:1999,
  Title     = {Curvature scale space image in shape similarity retrieval},
  Author    = {Sadegh Abbasi and Farzin Mokhtarian and Josef Kittler},
  Journal   = {Multimedia Systems},
  Publisher = {Springer-Verlag},
  Address   = {Secaucus, NJ, USA},
  Number    = {6},
  Pages     = {467-476},
  Volume    = {7},
  Issn      = {0942-4962},
  Year      = {1999}
}

@inproceedings{Abbasi:1997,
  Title     = {A New Approach to Computation of Curvature Scale Space Image for Shape Similarity Retrieval},
  Author    = {Farzin Mokhtarian and Sadegh Abbasi and Josef Kittler},
  Booktitle = {Proceedings of the 9th International Conference on Image Analysis and Processing-Volume II},
  Pages     = {140-147},
  Publisher = {Springer-Verlag},
  Address   = {Berlin, Heidelberg},
  Volume    = {1311},
  Year      = {1997}
}

@article{Bober:2001,
	Author = {Bober, M.},
	Date-Added = {2010-04-10 14:21:27 -0300},
	Date-Modified = {2010-04-10 14:21:27 -0300},
	Journal = {IEEE Transactions on Circuits and Systems for Video Technology},
	Owner = {Carlos},
	Pages = {716-719},
	Review = {Afirma que o CSS foi adotado pelo MPEG-7},
	Timestamp = {2007.12.04},
	Title = {MPEG-7 visual shape descriptors},
	Volume = {11},
	Year = {2001}}

@misc{MPEG7:1998,
  Author       = {Requirements Group},
  Howpublished = {ISO/IEC/JTC1/SC29/WG11/N2460},
  Note         = {Atlantic City},
  Title        = {MPEG-7: Context and objectives},
  Year         = {1998}
}

@inproceedings{Poel:2005,
  Title     = {A New Multiscale, Curvature-Based Shape Representation Technique for Image Retrieval Based on DSP Techniques},
  Author    = {JanKees van der Poel and Carlos Wilson Dantas de Almeida and Leonardo Vidal Batista},
  Address   = {Washington, DC, USA},  
  Booktitle = {International Conference on Hybrid Intelligent Systems (HIS)},
  Pages     = {373-378},  
  Year      = {2005}
}

@mastersthesis{Chan:1999,
  Author = {Chan, D.Y.M.},
  School = {The Chinese University of Hong Kong},
  Title  = {Shape-Based Image Retrieval In Iconic Image Databases},
  Year   = {1999}
}

@article{Mokhtarian1:1995,
  Author  = {Mokhtarian, F.},
  Journal = {IEEE Transactions on Pattern Analysis and Machine Intelligence},
  Note    = {Washington, DC, USA},
  Number  = {5},
  Pages   = {539-544},
  Title   = {Silhouette-Based Isolated Object Recognition through Curvature Scale Space},
  Volume  = {17},
  Year    = {1995}
}

@article{Suomela:1998,
  Title     = {Robust Image Corner Detection Through Curvature Scale Space},
  Author    = {Farzin Mokhtarian and R. Suomela},
  Journal   = {IEEE Transactions on Pattern Analysis and Machine Intelligence},
  Address   = {Los Alamitos, CA, USA},
  Issn      = {0162-8828},
  Number    = {12},
  Pages     = {1376-1381},
  Publisher = {IEEE Computer Society},
  Volume    = {20},
  Year      = {1998},
}

@phdthesis{Garrido:2002,
  Title  = {Hierarchical Region Based Processing of Images and Video Sequences: Application to Filtering, Segmentation and Information Retrieval.},
  Author = {Ostermann, L.G.},
  School = {Universitat Polit{\`e}cnica de Catalunya},
  Year   = {2002}
}

@book{Braga:2000,
	Address = {Rio de Janeiro},
	Author = {Braga, A.P. and Carvalho, A.C.P.L.F and Ludermir, T.B.},
	Date-Added = {2010-04-10 14:21:27 -0300},
	Date-Modified = {2010-04-10 14:21:27 -0300},
	Owner = {Carlos},
	Publisher = {LTC},
	Review = {Livro de Teresa sobre RNA},
	Timestamp = {2007.12.04},
	Title = {Redes Neurais Artificiais: Teoria e Aplica{\'A}ıes},
	Year = {2000}}

@article{Pitts:1943,
  Title   = {A Logical Calculus of the Ideas Immanent in Nervous Activity},
  Author  = {McCulloch, W. and Pitts, W.},
  Journal = {Bulletin of Mathematical Biophysics},
  Volume  = {5/115},
  Year    = {1943}
}

@phdthesis{Costa:1999,
  Title   = {Classifica{\c c}{\~a}o automatica e analise de dados por redes neurais auto-organizaveis},
  Author  = {Costa, J.A.F.},
  Address = {Campinas, S{\~a}o Paulo, Brasil},  
  School  = {Faculdade de Engenharia El{\'e}trica e de Computa{\c c}{\~a}o - UNICAMP},
  Year    = {1999}
}

@phdthesis{Silvia:1999,
  Title   = {Mapas Auto-Organiz\'aveis na An\'alise Explorat\'oria de Dados Geoespaciais Multivariados},
  Author  = {Marcos Aur\'elio Santos da Silva},
  Address = {S\~ao Jos\'e dos Campos, Brasil},
  School  = {Instituto Nacional de Pesquisas Espaciais - INPE},
  Year    = {2004}
}

@inproceedings{Vesanto:1999,
	Address = {Espoo, Finland},
	Author = {Vesanto, J. and Himberg, J. and Alhoniemi, E. and Parhankangas, J.},
	Booktitle = {Proceedings of the Matlab {DSP} Conference},
	Date-Added = {2010-04-10 14:21:27 -0300},
	Date-Modified = {2010-04-10 14:21:27 -0300},
	Pages = {35--40},
	Title = {Self-organizing map in matlab: the {SOM} toolbox},
	Year = {1999}}

@misc{Vesanto:2000,
	Author = {Vesanto, J. and Himberg, J. and Alhoniemi, E. and Parhankangas, J.},
	Date-Added = {2010-04-10 14:21:27 -0300},
	Date-Modified = {2010-04-10 14:21:27 -0300},
	Text = {Technical Report A57, Helsinki University of Technology},
	Title = {SOM Toolbox for Matlab 5},
	Url = {citeseer.ist.psu.edu/vesanto00som.html},
	Year = {2000},
	Bdsk-Url-1 = {citeseer.ist.psu.edu/vesanto00som.html}}

@misc{SOMToolbox:2007,
  Title = {SOM Toolbox - website: http://www.cis.hut.fi/projects/somtoolbox/},
  Year  = {2007}
}

@book{Rezende:2003,
	Address = {Barueri, SP, Brasil},
	Author = {Rezende, S.O.},
	Date-Added = {2010-04-10 14:21:27 -0300},
	Date-Modified = {2010-04-10 14:21:27 -0300},
	Keywords = {no-tag},
	Pages = {1--525},
	Priority = {2},
	Publisher = {Manole},
	Title = {Sistemas Inteligentes: Fundamentos e Aplica{\'A}ıes},
	Year = {2003}}

@misc{Osorio:1999,
	Author = {Os{\^U}rio, F.S. and Vieira, R.},
	Booktitle = {ENIA{\'\i}99 {\~n} Encontro Nacional de Intelig{\'I}ncia Artificial},
	Date-Added = {2010-04-10 14:21:27 -0300},
	Date-Modified = {2010-04-10 14:21:27 -0300},
	Owner = {Carlos},
	Pages = {Rio de Janeiro},
	Review = {Tutorial sobre Sistemas Inteligentes Hibridos},
	Timestamp = {2007.12.05},
	Title = {Sistemas H{\`I}bridos Inteligentes},
	Year = {1999}}

@book{Bimbo:1999,
Author    = {Alberto Del Bimbo},
Isbn      = {1-55860-624-6},
Publisher = {Morgan Kaufmann Publishers Inc.},
Title     = {Visual Information Retrieval},
Address   = {San Francisco, CA, USA},
Year      = {1999}
}

@article{Rui:1999,
Author  = {Yong Rui and Thomas S. Huang and Shih-Fu Chang},
Journal = {Journal of Visual Communication and Image Representation},
Number  = {4},
Pages   = {39-62},
Title   = {Image Retrieval: Current Techniques, Promising Directions, and Open Issues},
Volume  = {10},
Year    = {1999}
}


@inproceedings{Laaksonen:1999,
	Author = {Laaksonen, J. and Koskela, M. and Oja, E.},
	Booktitle = {Proc. of International Joint Conference on Neural Networks, Washington, D.C., {USA}, July 10--16},
	Date-Added = {2010-04-10 14:21:27 -0300},
	Date-Modified = {2010-04-10 14:21:27 -0300},
	Title = {Pic{SOM}: Self-Organizing Maps for Content-Based Image Retrieval},
	Url = {citeseer.ist.psu.edu/koskela99picsom.html},
	Year = {1999},
	Bdsk-Url-1 = {citeseer.ist.psu.edu/koskela99picsom.html}}

@book{Subrahmanian:1998,
	Address = {San Francisco, CA, USA},
	Author = {Subrahmanian, V.S.},
	Date-Added = {2010-04-10 14:21:27 -0300},
	Date-Modified = {2010-04-10 14:21:27 -0300},
	Owner = {Carlos},
	Publisher = {Morgan Kaufmann Publishers Inc.},
	Review = {Exemplo de aplica{\'A}„o em CBIR},
	Timestamp = {2007.12.04},
	Title = {Principles of multimedia database systems},
	Year = {1998}}

@article{QBIC:1995,
	Author = {Flickner, M. and Sawhney, H. and Niblack, W. and Ashley, J. and Huang, Qian and Dom, B. and Gorkani, M. and Hafner, J. and Lee, D. and Petkovic, D. and Steele, D. and Yanker, P.},
	Comment = {Los Alamitos, CA, USA},
	Date-Added = {2010-04-10 14:21:27 -0300},
	Date-Modified = {2010-04-10 14:21:27 -0300},
	Journal = {Computer},
	Number = {9},
	Owner = {Carlos},
	Pages = {23-32},
	Review = {Sobre o QBIC IBM},
	Timestamp = {2007.12.04},
	Title = {Query by Image and Video Content: The QBIC System},
	Volume = {28},
	Year = {1995}}

@inproceedings{VisualSEEk:1996,
	Author = {Smith, J.R. and Chang, S.},
	Booktitle = {{ACM} Multimedia},
	Date-Added = {2010-04-10 14:21:27 -0300},
	Date-Modified = {2010-04-10 14:21:27 -0300},
	Pages = {87-98},
	Title = {VisualSEEk: A Fully Automated Content-Based Image Query System},
	Year = {1996}}

@article{Netra:1999,
	Author = {Ma, W. and Manjunath, B.S.},
	Date-Added = {2010-04-10 14:21:27 -0300},
	Date-Modified = {2010-04-10 14:21:27 -0300},
	Journal = {Multimedia Syst.},
	Number = {3},
	Pages = {184-198},
	Title = {NeTra: A Toolbox for Navigating Large Image Databases.},
	Volume = {7},
	Year = {1999}}

@article{Jacobs:1995,
	Author = {Jacobs, C.E. and Finkelstein, A. and Salesin, D.H.},
	Date-Added = {2010-04-10 14:21:27 -0300},
	Date-Modified = {2010-04-10 14:21:27 -0300},
	Journal = {Computer Graphics},
	Number = {Annual Conference Series},
	Pages = {277-286},
	Title = {Fast Multiresolution Image Querying},
	Url = {citeseer.ist.psu.edu/766813.html},
	Volume = {29},
	Year = {1995},
	Bdsk-Url-1 = {citeseer.ist.psu.edu/766813.html}}

@article{Picard:1995,
	Author = {Picard, R.W. and Minka, T.P.},
	Date-Added = {2010-04-10 14:21:27 -0300},
	Date-Modified = {2010-04-10 14:21:27 -0300},
	Journal = {Multimedia Systems},
	Number = {1},
	Pages = {3-14},
	Title = {Vision Texture for Annotation},
	Url = {citeseer.ist.psu.edu/picard95vision.html},
	Volume = {3},
	Year = {1995},
	Bdsk-Url-1 = {citeseer.ist.psu.edu/picard95vision.html}}

@incollection{Long:2003,
	Author = {Long, F. and Zhang, H. and Feng, D.},
	Date-Added = {2010-04-10 14:21:27 -0300},
	Date-Modified = {2010-04-10 14:21:27 -0300},
	Pages = {chapter Fundamentals of Content-Based Image Retrieval},
	Publisher = {Springer},
	Title = {Multimedia Information Retrieval and Management- Technological Fundamentals and Applications},
	Year = {2003}}

@article{Pass:1999,
	Author = {Pass, G. and Zabih, R.},
	Date-Added = {2010-04-10 14:21:27 -0300},
	Date-Modified = {2010-04-10 14:21:27 -0300},
	Journal = {Multimedia Systems},
	Number = {3},
	Pages = {234-240},
	Title = {Comparing Images Using Joint Histograms},
	Url = {citeseer.ist.psu.edu/pass99comparing.html},
	Volume = {7},
	Year = {1999},
	Bdsk-Url-1 = {citeseer.ist.psu.edu/pass99comparing.html}}

@article{Manjunath:1996,
	Author = {Manjunath, B. and Ma, W.Y.},
	Date-Added = {2010-04-10 14:21:27 -0300},
	Date-Modified = {2010-04-10 14:21:27 -0300},
	Journal = {IEEE Transactions Pattern Analysis and Machine Intelligence},
	Number = {8},
	Pages = {837,842},
	Title = {Texture features for browsing and retrieval of image},
	Volume = {18},
	Year = {1996}}

@inproceedings{Texture:2006,
	Author = {Lin, W. and Hays, J.H. and Wu, C. and Kwatra, V. and Liu, Y.},
	Booktitle = {Computer Vision and Pattern Recognition Conference (CVPR '06)},
	Date-Added = {2010-04-10 14:21:27 -0300},
	Date-Modified = {2011-04-07 10:19:18 -0300},
	Pages = {427-434},
	Title = {Quantitative Evaluation on Near Regular Texture Synthesis},
	Volume = {1},
	Year = {2006}}

@article{Virage:1997,
	Author = {Hampapur, A. and Gupta, A. and Horowitz, B. and Shu, C.F.},
	Date-Added = {2010-04-10 14:21:27 -0300},
	Date-Modified = {2010-04-10 14:21:27 -0300},
	Journal = {Proc. SPIE - Storage and Retrieval for Image and Video Databases},
	Owner = {Carlos},
	Pages = {188-198},
	Review = {Virage Engine, - CBIR usando tetura 2},
	Timestamp = {2007.12.04},
	Title = {Virage Video Engine},
	Volume = {3022},
	Year = {1997}}

@book{Lew:2001,
  Title     = {Principles of Visual Information Retrieval},
  Author    = {Michael S. Lew},
  Publisher = {Springer-Verlag},
  Address   = {London, UK},
  Year      = {2001},
  Isbn      = {978-1852333812}
}

@article{Haralick:1979,
	Author = {R. M. Haralick},
	Date-Added = {2010-04-10 14:21:27 -0300},
	Date-Modified = {2013-02-11 14:53:09 -0300},
	Journal = {Proceedings of the IEEE},
	Pages = {786-804},
	Title = {Statistical and Structural Approaches to Texture},
	Volume = {67},
	Year = {1979}}

@book{Velho:1995,
  Author    = {Gomes, J. and Velho, L.},
  Publisher = {S\'erie Computa\c c\~ao e Matem\'atica, SBM/IMPA},
  Title     = {Computa\c c\~ao Gr\'afica: Imagem},
  Year      = {1995}
}

@book{Jahne:1993,
	Address = {Berlin},
	Author = {Jahne, B.},
	Date-Added = {2010-04-10 14:21:27 -0300},
	Date-Modified = {2010-04-10 14:21:27 -0300},
	Owner = {Carlos},
	Publisher = {Springer Verlag},
	Review = {Livro de PDI, define textura},
	Timestamp = {2007.12.05},
	Title = {Digital Image Processing},
	Year = {1995}}

@book{Tomita:1990,
	Author = {Tomita, F. and Tsuji, S.},
	Date-Added = {2010-04-10 14:21:27 -0300},
	Date-Modified = {2010-04-10 14:21:27 -0300},
	Publisher = {Kluwer},
	Title = {Computer Analysis of Visual Textures},
	Year = {1990}}

@book{Gonzalez:2000,
	Address = {S\~ao Paulo},
	Author = {Rafael C. Gonzalez and Richard E. Woods},
	Date-Added = {2010-04-10 14:21:27 -0300},
	Date-Modified = {2012-12-17 16:12:32 -0300},
	Publisher = {Edgard Blucher},
	Title = {Processamento de Imagens Digitais},
	Year = {2000}}

@book{Russ:1995,
	Author = {Russ, J.C. and Haskell, B.G. and Netravali, A.N.},
	Date-Added = {2010-04-10 14:21:27 -0300},
	Date-Modified = {2010-04-10 14:21:27 -0300},
	Publisher = {CRC Press},
	Title = {The Image Processing Handbook},
	Url = {http://www.visionbib.com/bibliography/book29.html#TT1385},
	Year = {1995},
	Bdsk-Url-1 = {http://www.visionbib.com/bibliography/book29.html#TT1385}}

@article{Hu:1962,
	Author = {Ming-Kuei Hu},
	Date-Added = {2010-04-10 14:21:27 -0300},
	Date-Modified = {2011-04-06 15:30:09 -0300},
	Journal = {IEEE Transactions on Information Theory},
	Number = {2},
	Pages = {179-187},
	Title = {Visual Pattern Recognition by Moment Invariants},
	Volume = {8},
	Year = {1962}}

@article{Zhang:2004,
	Author = {Zhang, D. and Lu, G.},
	Date-Added = {2010-04-10 14:21:27 -0300},
	Date-Modified = {2010-04-10 14:21:27 -0300},
	Doi = {10.1016/j.patcog.2003.07.008},
	Journal = {Pattern Recognition},
	Keywords = {no-tag},
	Number = {1},
	Pages = {1--19},
	Priority = {2},
	Title = {Review of shape representation and description techniques},
	Url = {http://dx.doi.org/10.1016/j.patcog.2003.07.008},
	Volume = {37},
	Year = {2004},
	Bdsk-Url-1 = {http://dx.doi.org/10.1016/j.patcog.2003.07.008}}

@book{Hirschman:1955,
	Author = {Hirschman, I.I. and Widder, D.V.},
	Date-Added = {2010-04-10 14:21:27 -0300},
	Date-Modified = {2010-04-10 14:21:27 -0300},
	Publisher = {Princeton University Press},
	Title = {The Convolution Transform},
	Year = {1955}}

@book{Triola:2005,
	Author = {Triola, M.F.},
	Date-Added = {2010-04-10 14:21:27 -0300},
	Date-Modified = {2011-04-07 11:10:51 -0300},
	Edition = {9},
	Owner = {Carlos},
	Publisher = {LTC},
	Review = {Livro de Triola Estatistica},
	Timestamp = {2007.12.04},
	Title = {Introdu{\c c}{\~a}o {\`a} Estatistica},
	Year = {2005}}

@article{Loffler:2003,
  Title     = {Local and global contributions to shape},
  Author    = {Gunter Lofflera and Hugh R. Wilsonb and Frances Wilkinsonb},
  Journal   = {Vision Research},
  Publisher = {Elsevier}, 
  Number    = {5},
  Pages     = {519-530},
  Volume    = {43},
  Year      = {2003}
}

@mastersthesis{Zibreira:2000,
	Address = {Lisboa, Portugual},
	Author = {Zibreira, C.R.F.L.},
	Date-Added = {2010-04-10 14:18:04 -0300},
	Date-Modified = {2010-04-10 14:18:33 -0300},
	Owner = {Carlos},
	Review = {Tese de Carla Zibreira},
	School = {Universidade T{\'e}cnica de Lisboa},
	Timestamp = {2007.12.05},
	Title = {Descri{\c c}{\~a}o e Procura de V{\'\i}deo Baseadas na Forma},
	Year = {2000}}

@book{Kohonen:1989,
	Address = {New York, NY, USA},
	Author = {Kohonen, T.},
	Date-Added = {2010-04-01 11:04:38 -0300},
	Date-Modified = {2010-04-01 11:04:38 -0300},
	Isbn = {0-387-51387-6},
	Publisher = {Springer-Verlag New York, Inc.},
	Title = {Self-organization and associative memory: 3rd edition},
	Year = {1989}}

@incollection{Carbonell:1984,
	Address = {Berlin, Heidelberg},
	Author = {J. G. Carbonell and R. S. Michalski and T. M. Mitchell},
	Booktitle = {Machine Learning: An Artificial Intelligence Approach},
	Date-Added = {2010-04-01 10:49:36 -0300},
	Date-Modified = {2010-04-01 10:49:36 -0300},
	Editor = {R. S. Michalski and J. G. Carbonell and T. M. Mitchell},
	Pages = {3-23},
	Publisher = {Springer},
	Title = {An Overview of Machine Learning},
	Year = 1984}

@article{Grabmeier:2002,
	Address = {Hingham, MA, USA},
	Author = {Grabmeier, Johannes and Rudolph, Andreas},
	Date-Added = {2010-04-01 10:49:36 -0300},
	Date-Modified = {2010-04-01 10:49:36 -0300},
	Doi = {http://dx.doi.org/10.1023/A:1016308404627},
	Issn = {1384-5810},
	Journal = {Data Min. Knowl. Discov.},
	Number = {4},
	Pages = {303--360},
	Publisher = {Kluwer Academic Publishers},
	Title = {Techniques of Cluster Algorithms in Data Mining},
	Volume = {6},
	Year = {2002},
	Bdsk-Url-1 = {http://dx.doi.org/10.1023/A:1016308404627}}

@article{Keller:1985,
  Author  = {James M Keller and Douglas J. Hunt},
  Journal = {IEEE Transactions on Pattern Analysis and Machine Intelligence},
  Number  = {6},
  Pages   = {693-699},
  Title   = {Incorporating Fuzzy Membership Function into the Perceptron Algorithm},
  Volume  = {7},
  Year    = {1985},
}

@article{Lee:1975,
  Author  = {S. Lee and E. Lee},
  Journal = {Mathematical Biosciences},
  Title   = {Fuzzy Neural Networks},
  Volume  = {23},
  Year    = {1975}
}

@article{Jain:1999,
  Address = {New York, USA},
  Author  = {A. K. Jain and M. N. Murty and P. J. Flynn},
  Journal = {ACM Computing Surveys (CSUR)},
  Month   = {September},
  Number  = {3},
  Pages   = {264-323},
  Title   = {Data clustering: a review},
  Volume  = {31},
  Year    = {1999}
}

@book{Fielding:2007,
  Author    = {Alan H. Fielding},
  Edition   = {1 edition},
  Publisher = {Cambridge University Press},
  Title     = {Cluster and Classification Techniques for the Biosciences},
  Year      = {2007}
}

@article{Dunn:1973,
	Author = {Dunn, J.C.},
	Bibsource = {http://www.visionbib.com/bibliography/pattern630.html#TT55162},
	Date-Added = {2010-04-01 10:49:36 -0300},
	Date-Modified = {2010-04-01 10:49:36 -0300},
	Journal = {Journal of Cybernetics},
	Pages = {32-57},
	Title = {A Fuzzy Relative of the ISODATA Process and Its Use in Detecting Compact Well-Separated Clusters},
	Volume = {3},
	Year = {1973}}

@book{Bezdek:1981,
	Address = {Norwell, MA, USA},
	Author = {James C. Bezdek},
	Date-Added = {2010-04-01 10:49:36 -0300},
	Date-Modified = {2011-12-15 15:53:07 -0300},
	Isbn = {0306406713},
	Publisher = {Kluwer Academic Publishers},
	Title = {Pattern Recognition with Fuzzy Objective Function Algorithms},
	Year = {1981}}

@book{Bezdek:2005,
  Address   = {Secaucus, USA},
  Author    = {James C. Bezdek and James Keller and Raghu Krisnapuram and Nikhil R. Pal},
  Publisher = {Springer-Verlag New York, Inc.},
  Title     = {Fuzzy Models and Algorithms for Pattern Recognition and Image Processing (The Handbooks of Fuzzy Sets)},
  Year      = {2005}
}

@book{Han:2005,
  Author    = {Jiawei Han and Micheline Kamber},
  Edition   = {2nd Edition},
  Publisher = {Morgan Kaufmann},
  Title     = {Data Mining: Concepts and Techniques},
  Year      = {2005},
}

@book{Gordon:1999,
  Title     = {Classification, Second Edition},
  Author    = {A. D. Gordon},
  Publisher = {Chapman and Hall},
  Year      = {1999},
  Isbn      = {978-1584880134}
}

@book{Duda:2001,
  Address   = {New York, USA},
  Author    = {Richard O. Duda and Richard O. Duda and David G. Stork},
  Edition   = {2nd Edition},
  Publisher = {Wiley},
  Title     = {Pattern Classification},
  Year      = {2001}
}

@article{Goutte:1997,
	Author = {Goutte, C.},
	Date-Added = {2010-04-01 10:49:36 -0300},
	Date-Modified = {2010-04-01 10:49:36 -0300},
	Journal = {Neural Computation},
	Number = {6},
	Pages = {1245-1249},
	Title = {Note on Free Lunches and Cross-validation},
	Url = {citeseer.ist.psu.edu/goutte97note.html},
	Volume = {9},
	Year = {1997},
	Bdsk-Url-1 = {citeseer.ist.psu.edu/goutte97note.html}}

@article{Gowda:1995a,
  Title   = {Divisive clustering of symbolic objects using the concepts of both similarity and dissimilarity},
  Journal = {Pattern Recognition},
  Author  = {K. Chidananda Gowda and T. V. Ravi},
  Issn    = {0031-3203},
  Number  = {8},
  Pages   = {1277-1282},
  Volume  = {28},
  Year    = {1995}
}

@book{Diday:2000,
  Title     = {Analysis of Symbolic Data: Exploratory Methods for Extracting Statistical Information from Complex Data},
  Author    = {Hans-Hermann Bock and Edwin Diday},
  Publisher = {Springer-Verlag},  
  Year      = {2000},
  Address   = {Secaucus, NJ, USA},
  Isbn      = {978-3540666196}
}

@article{Billard:2003,
  Title   = {From the Statistics of Data to the Statistics of Knowledge: Symbolic Data Analysis},
  Author  = {L. Billard and Edwin Diday},
  Journal = {Journal of the American Statistical Association},
  Pages   = {470-487},
  Volume  = {98},
  Year    = {2003}
}

@article{Souza:2004a,
  Title   = {Clustering of Interval Data Based on City-Block Distances},
  Author  = {Renata M. C. R de Souza. and Francisco A. T. de Carvalho},
  Journal = {Pattern Recognition Letters},
  Issn    = {0167-8655},
  Address = {New York, USA},
  Number  = {3},
  Pages   = {353-365},  
  Volume  = {25},
  Year    = {2004}
}

@article{DeCarvalho:2006,
	Author = {Francisco A. T. de Carvalho and C. P. Tenorio and Nicomedes L. Cavalcanti Junior},
	Date-Added = {2010-04-01 10:46:50 -0300},
	Date-Modified = {2013-02-10 16:07:24 -0300},
	Journal = {Fuzzy Sets and Systems},
	Number = {21},
	Pages = {2833-2857},
	Title = {Partitional Fuzzy Clustering Methods Based On Adaptive Quadratic Distances},
	Volume = {157},
	Year = {2006}}

@article{DeCarvalho:2007,
  Author    = {Francisco A. T. de Carvalho},
  Title     = {Fuzzy c-means clustering methods for symbolic interval data},
  Journal   = {Pattern Recognition Letters},
  Issn      = {0167-8655},
  Address   = {New York, USA},
  Number    = {4},
  Pages     = {423-437},
  Publisher = {Elsevier Science Inc.},
  Volume    = {28},
  Year      = {2007}
}

@inbook{Chavent:2002,
  Title     = {Dynamical Clustering Algorithm of Interval Data: Optimization of an Adequacy Criterion Based on Hausdorff Distance},
  Booktitle = {Classification, Clustering, and Data Analysis},
  Author    = {Marie Chavent and Yves Lechevallier},
  editor    = {Krzysztof Jajuga and Andrzej Sokolowski and Hans-Hermann Bock},
  Pages     = {53-60},
  publisher = {Springer Berlin Heidelberg},
  Isbn      = {978-3-540-43691-1},
  Doi       = {10.1007/978-3-642-56181-8_5},
  Series    = {Studies in Classification, Data Analysis, and Knowledge Organization},
  Year      = {2002}
}

@article{Gowda:1995b,
  Title     = {Agglomerative clustering of symbolic objects using the concepts of both similarity and dissimilarity},
  Journal   = {Pattern Recognition Letters},
  Address   = {New York, NY, USA},
  Author    = {K. Chidananda Gowda and T. V. Ravi},
  Issn      = {0167-8655},  
  Number    = {6},
  Pages     = {647-652},
  Publisher = {Elsevier Science Inc.},  
  Volume    = {16},
  Year      = {1995}
}

@article{Bock:2003,
  Title     = {Clustering Algorithms and Kohonen Maps for Symbolic Data},
  Author    = {Hans-Hermann Bock},
  Journal   = {Journal of the Japanese Society of Computational Statistics},
  Issn      = {09152350},
  Number    = {2},
  Pages     = {217-229},
  Publisher = {Japanese Society of Computational Statistics},
  Volume    = {15},
  Year      = {2003}
}

@book{Diday:2008,
  Title     = {Symbolic Data Analysis and the SODAS Software},
  Editor    = {Edwin Diday and Monique Noirhomme-Fraiture},
  Publisher = {Wiley-Interscience},  
  Year      = {2008},
  Isbn      = {978-0470018835}
}

@article{Diday:2003,
  Title     = {An Introduction to Symbolic Data Analysis and the SODAS Software},
  Author    = {Edwin Diday and Floriana Esposito},
  Journal   = {Intelligent Data Analysis},
  Volume    = {7},
  Number    = {6},
  Pages     = {583-601}, 
  Publisher = {IOS Press},
  Address   = {Amsterdam, Netherlands},
  Issn      = {1088-467X},
  Year      = {2003}
}

@article{Guru:2004,
  Author  = {D. S. Guru and Bapu B. Kiranagi and P. Nagabhushan},
  Issn    = {0167-8655},
  Journal = {Pattern Recognition Letters},
  Number  = {10},
  Pages   = {1203-1213},
  Title   = {Multivalued type proximity measure and concept of mutual similarity value useful for clustering symbolic patterns},
  Volume  = {25},
  Year    = {2004}
}

@article{Malsburg:1979,
	Author = {Christoph von der Malsburg},
	Date-Added = {2010-04-01 10:43:26 -0300},
	Date-Modified = {2010-04-01 10:44:00 -0300},
	Journal = {Biological Cybernetics},
	Number = {2},
	Pages = {85-100},
	Title = {Self-organization of orientation sensitive cells in the striate cortex},
	Volume = {14},
	Year = {1973}}

@article{Bezdek:1994,
	Author = {Eric Chen-Kuo Tsao and James C. Bezdek and Nikhil R. Pal},
	Date-Added = {2010-04-01 10:42:05 -0300},
	Date-Modified = {2010-04-01 10:42:41 -0300},
	Journal = {Pattern Recognition},
	Number = {5},
	Pages = {757-764},
	Title = {Fuzzy Kohonen clustering networks},
	Volume = {27},
	Year = {1994}}

@inproceedings{Bezdek:1992,
  Address   = {San Diego, USA},
  Author    = {James C. Bezdek and Eric Chen-Kuo Tsao and Nikhil R. Pal},
  Booktitle = {Proc. of the First IEEE Conference on Fuzzy Systems, 1992},
  Title     = {Fuzzy Kohonen Clustering Networks},
  Year      = {1992}
}

@article{Ajjimarangsee:1990,
  Author  = {T. L. Huntsberger and P. Ajjimarangsee},
  Journal = {International Journal of General Systems},
  Number  = {4},
  Pages   = {357-372},
  Title   = {Parallel self-organizing feature maps for unsupervised pattern recognition},
  Volume  = {16},
  Year    = {1990}
}

@book{Jain:1988,
  Address   = {Upper Saddle River, NJ, USA},
  Author    = {Anil K. Jain and Richard C. Dubes},
  Publisher = {Prentice-Hall, Inc.},
  Title     = {Algorithms for clustering data},
  Year      = {1988}
}

@article{Hubert:1985,
	Abstract = {Referencia sobre Indice de Rand corrigido},
	Author = {Hubert, Lawrence and Arabie, Phipps},
	Date-Added = {2010-03-30 16:38:46 -0300},
	Date-Modified = {2010-03-30 16:39:40 -0300},
	Journal = {Journal of Classification},
	Number = {1},
	Pages = {193--218},
	Title = {Comparing partitions},
	Volume = {2},
	Year = {1985}}

@book{Haykin:1998,
  Title     = {Neural Networks: A Comprehensive Foundation},
  Author    = {Simon Haykin},
  Address   = {Upper Saddle River, USA},
  Edition   = {2nd Edition},
  Publisher = {Prentice Hall PTR},
  Year      = {1998},
}

@book{Kohonen:2001,
  Title     = {Self-Organizing Maps},
  Author    = {Teuvo Kohonen},
  Edition   = {3rd Edition},
  Publisher = {Springer-Verlag},
  Year      = {2001},
}

@book{Brodatz:1966,
  Title     = {Textures: A Photographic Album for Artists and Designers},
  Author    = {P. Brodatz},
  Publisher = {Dover Publications},
  Year      = {1966}
}

@article{Haralick:1973,
  Title   = {Textural Features for Image Classification},
  Author  = {Robert M. Haralick and K. Shanmugam and Its'Hak Dinstein},
  Journal = {IEEE Transactions on In Systems, Man and Cybernetics},
  Number  = {6},
  Pages   = {610-621},
  Volume  = {3},
  Year    = {1973}
}

@inproceedings{Varma:2007,
  Title     = {Locally Invariant Fractal Features for Statistical Texture Classification},	
  Author    = {M. Varma, and R. Garg},
  Booktitle = {International Conference on Computer Vision},
  Pages     = {1-8},
  Year      = {2007}
}

@book{Eidenberger:2012,
  Title     = {Handbook of Multimedia Information Retrieval},
  Author    = {Horst Eidenberger},
  Year      = {2012},
  Isbn      = {978-3848222834},
  Publisher = {atpress},
  Address   = {Vienna}
}

@book{Zhang:2006,
  Title     = {Semantic-Based Visual Information Retrieval},
  Author    = {Yu-jin Zhang},
  Year      = {2006},
  Isbn      = {978-1599043708},
  Publisher = {IRM Press},
} 

@article{Zhang:2007,
  Title   = {Local Features and Kernels for Classification of Texture and Object Categories: A Comprehensive Study},
  Author  = {J. Zhang and M. Marsza\lek and S. Lazebnik and C. Schmid},
  Journal = {International Journal of Computer Vision},
  Number  = {2},
  Pages   = {213-238},
  Volume  = {73},
  Year    = {2007}
}

@article{Varma:2005,
  Title   = {A Statistical Approach to Texture Classification from Single Images},
  Author  = {Manik Varma and Andrew Zisserman},
  Journal = {International Journal of Computer Vision: Special Issue on Texture Analysis and Synthesis},
  Number  = {1-2},
  Pages   = {61-81},
  Volume  = {62},
  Year    = {2005}
}

@article{Charalampidis:2002,
  Title   = {Wavelet-based rotational invariant roughness features for texture classification and segmentation},
  Author  = {Dimitrios Charalampidis and Takis Kasparis},
  Journal = {IEEE Transactions on Image Processing},
  Pages   = {825-837},
  Volume  = {11},
  Year    = {2002}
}

@inproceedings{Zhao:2006,
  Title     = {Local Binary Pattern Descriptors for Dynamic Texture Recognition},
  Author    = {Zhao, Guoying and Pietikainen, Matti},
  Booktitle = {Proceedings of the 18th International Conference on Pattern Recognition (ICPR)},
  Pages     = {211-214},
  Year      = {2006}
}

@article{Jan:2007,
  Title   = {Interactive editing and modeling of bidirectional texture functions},
  Author  = {Kautz, Jan and Boulos, Solomon and Durand, Fr\'{e}do},
  Journal = {ACM Transactions on Graphics},
  Number  = {3},
  Pages   = {53},
  Volume  = {26},
  Year    = {2007}
}

@article{Jain:1991,
  Title   = {Unsupervised texture segmentation using Gabor filters},
  Author  = {Anil K. Jain and Farshid Farrokhnia},
  Journal = {Pattern Recognition},
  Number  = {12},
  Pages   = {1167-1186},
  Volume  = {24},
  Year    = {1991}
}

@inproceedings{Barcelos:2005,
  Title     = {Texture Image Retrieval: A Feature-Based Correspondence Method in Fourier Spectrum},
  Author    = {C{\'e}lia A. Zorzo Barcelos and M{\'a}rcio J. R. Ferreira and Mylene L. Rodrigues},
  Booktitle = {Third International Conference on Advances in Pattern Recognition},
  Pages     = {424-433},
  Year      = {2005}
}

@inproceedings{Wang:2007,
  Title     = {Texture image retrieval using dual-tree complex wavelet transform},
  Author    = {Hua-Zhang Wang and Xiao-Hai He and Wen Jiao Zai},
  Booktitle = {Proc. International Conference on Wavelet Analysis and Pattern Recognition (ICWAPR)},
  Pages     = {230-234},
  Volume    = {1},
  Year      = {2007}
}

@article{Li:2003,
  Title   = {Texture classification using the support vector machines},
  Author  = {Shutao Li and James T. Kwok and Hailong Zhu and Yaonan Wang},
  Journal = {Pattern Recognition},
  Number  = {12},
  Pages   = {2883-2893},
  Volume  = {36},
  Year    = {2003}
}
