@book{knuth,
  title     = {The texbook},
  author    = {Knuth, D.E. and Bibby, D. and Makai, I.},
  volume    = {1993},
  year      = {1986},
  publisher = {Addison-Wesley}
}

@article{wessberg2000real,
  title     = {Real-time prediction of hand trajectory},
  author    = {Johan Wessberg and Stambaugh, Christopher},
  journal   = {Nature},
  volume    = {408},
  number    = {6810},
  pages     = {361-365},
  year      = {2000},
  publisher = {Nature Publishing Group}
}